2867 4750
222 611 365 705 murali,
390 612 418 680 si
449 608 493 681 ad
524 612 709 708 specimina
740 635 817 682 mea
851 615 996 710 pessima
1027 611 1166 714 diagno-

220 711 286 781 sim
308 708 485 780 instituere
508 705 605 798 licet,
630 707 744 805 specie
767 732 837 778 non
861 706 981 782 differt.
1001 709 1167 788 ductores

221 804 399 895 nonnulli,
422 805 512 875 inter
535 829 592 875 eos
616 805 674 902 qui
704 829 799 875 nunc
815 800 877 873 'ad
906 819 1031 878 'manus
1066 829 1166 901 suut,

220 903 376 975 tribuunt
394 900 437 973 T.
454 898 706 972 mucronisoliae
724 895 802 972 folia
819 898 988 998 pellucida
997 959 1009 995 ,
1027 904 1088 976 sed
1104 932 1167 1005 pro

221 1002 363 1071 veritate
387 1000 441 1069 vix
465 995 631 1097 diaphana
654 994 907 1095 nuncupanda,
940 1001 989 1074 ni.
1011 1001 1168 1076 inferiora

221 1114 259 1165 et
279 1092 514 1194 praecedentis
538 1096 618 1165 anni
642 1096 864 1193 excipiantur,
889 1118 975 1193 quae
993 1097 1115 1192 gradus
1129 1124 1166 1169 as

220 1190 350 1291 liquem
373 1190 567 1263 detrimenti
583 1189 650 1288 jam
667 1216 772 1290 passa.
786 1232 835 1246 —
851 1188 955 1261 Forte
975 1190 1169 1268 Schleiche·

221 1314 278 1363 rus
302 1314 365 1388 pro
386 1314 482 1359 more
498 1289 593 1358 binas
610 1285 740 1384 plantas
758 1288 821 1360 suh
849 1286 918 1360 'hoc
931 1291 1069 1362 nomine
1081 1317 1167 1366 vcn-

222 1383 358 1478 ditavit,
380 1410 502 1458 verum
524 1386 708 1483 specimina
732 1397 808 1456 mea
833 1387 925 1456 omui
947 1405 1045 1483 parte
1075 1385 1169 1464 ideu-

222 1485 288 1552 tica
312 1482 477 1553 cumillis
501 1505 588 1579 quae
612 1480 662 1551 ab¹
686 1483 760 1580 ipso
791 1478 911 1551 halmit
946 1481 988 1554 cl.
1009 1501 1057 1560 ¹ct
1083 1488 1167 1556 ami·

221 1580 370 1649 cissimus
394 1578 601 1675 Montagne.

187 1673 189 1676 ’
222 1717 229 1725 ·
268 1673 364 1746 Haec
388 1679 526 1773 species
546 1674 634 1746 forte
665 1671 785 1744 melius
822 1669 866 1742 ad
901 1673 1169 1771 praecedentem

220 1774 465 1845 sectionemin
487 1792 664 1877 posterum
686 1764 907 1841 mandanda

221 2011 225 2016 «
267 1961 349 2037 220.
373 1963 540 2036 To'munt
562 1985 709 2035 menum.
734 1960 939 2036 Moumeuu
963 2005 1013 2026 ι·-
1035 1966 1165 2044 DNtrs

219 2066 362 2159 specim.
387 2086 422 2132 n.
447 2061 481 2132 8.
728 2123 732 2133 .
1260 2155 1263 2160 Ι

269 2157 310 2225 In
335 2156 366 2226 A
392 2159 517 2228 ennino
541 2154 718 2231 Geuuensi
756 2153 912 2250 Combe,
935 2160 972 2231 in
995 2162 1166 2235 montibus

219 2249 355 2324 diTen
424 2254 600 2346 Rostugui
610 2309 622 2345 ,
639 2256 681 2323 in
705 2278 785 2346 agro
818 2251 1019 2350 Tergestiuo
1063 2261 1166 2332 Tem

216 2352 367 2443 marini,
391 2353 427 2422 in
440 2375 520 2448 agro
535 2350 688 2421 Romano
714 2350 1054 2431 Fiorr'ni-Mazzant.
1076 2385 1108 2432 v.
1130 2384 1163 2430 v.

267 2539 348 2622 221,
375 2543 539 2617 Tonrum
577 2566 755 2617 sunniam.
792 2542 912 2623 Henw,
952 2587 1001 2606 „-
1037 2547 1165 2627 DNtrs

219 2644 361 2736 specim.
385 2665 419 2711 n.
446 2638 478 2711 7.
503 2641 602 2709 Bals.
627 2654 661 2712 et
673 2640 800 2719 DNtrs
813 2642 945 2716 Prodr.
960 2641 1076 2741 bryol.
1094 2672 1166 2717 me·
1239 2667 1243 2676 ·

217 2735 302 2807 dict.
321 2761 360 2833 p.
388 2736 466 2830 tlt.
491 2750 525 2808 et
548 2761 659 2809 muse.
684 2742 818 2815 exsice·
842 2763 878 2810 η.
904 2735 961 2813 72.
985 2741 1162 2815 Savtssot.

218 2846 281 2903 etr.
307 2831 341 2904 3.
360 2859 399 2932 p.
423 2833 481 2927 64.
506 2835 591 2906 Lisa
616 2834 674 2905 Et.
695 2859 734 2932 p.
760 2832 838 2906 332*

266 2926 322 3000 Ad
345 2934 512 3028 margines
535 2931 729 3031 sylvarum,
754 2956 867 3000 muros
879 2958 1049 3028 agrorum,
1061 2959 1165 3033 rupes

218 3026 370 3191 {porum
393 3027 488 3099 ltalia
512 3047 547 3099 et
568 3031 606 3100 in
633 3025 749 3099 insulis
772 3026 954 3123 majoribus
978 3028 1162 3126 adjacenti·
1250 3075 1252 3078 >

245 3146 282 3191 us
306 3150 338 3195 v.
363 3150 394 3196 v.
749 3145 753 3151 '

267 3218 370 3291 Forte
379 3218 811 3294 nonnullaeevarietatihus
820 3218 1001 3316 majoribus
1009 3241 1165 3323 spectant

153 3408 154 3412 Ἰ
220 3311 431 3412 Syntrichiae
448 3318 600 3418 alpinae,
617 3316 679 3390 sed
695 3315 837 3413 hujusce
856 3321 980 3416 speciei
995 3320 1164 3419 exempla·

218 3414 268 3480 ria
290 3411 483 3488 authentica
500 3441 685 3515 numquam
702 3413 784 3509 vidi,
801 3416 932 3511 species
945 3414 1100 3509 aliunde,
1113 3419 1165 3492 uti

219 3506 365 3600 videtur,
382 3510 530 3584 insidens
547 3511 797 3585 characteribus
813 3512 914 3608 pauci
931 3510 1104 3589 faciendis.

226 3644 364 3789 23οπ
390 3702 437 3778 ΙΙ.
461 3705 629 3778 anum.
653 3667 853 3778 *Dm
877 3708 1018 3802 specim.
1036 3733 1077 3807 p.
1102 3705 1162 3784 7.·

409 3801 443 3874 3.
467 3802 690 3914 Caespitosae.
