2867 4750
256 583 396 661 Mnium
416 582 634 686 pellucidum.
659 585 703 659 L.
728 627 777 641 -
802 584 906 658 Rath.
938 587 999 659 Fl.
1038 485 1153 663 zilleslata

119 816 121 819 ·
204 683 571 853 afflig-CkSammL
595 805 630 850 n.
657 777 713 853 56.
739 759 851 852 Zenlc.
869 792 904 851 et
921 779 1034 852 Dietr.
1048 805 1083 853 n.
1096 779 1154 854 35.

259 877 316 949 Ad
338 879 498 949 arborum
521 897 730 955 vetustarum
754 875 909 950 caudices
943 879 985 958 in
1016 876 1157 947 collibus

208 969 474 1051 Tauriuensibus
497 974 732 1069 vulgatissima.
757 974 800 1045 In
832 975 1017 1070 Apennino
1050 974 1157 1045 Etru-

209 1074 279 1142 riae
304 1070 395 1144 Saai.
420 1071 463 1142 In
486 1093 603 1142 monte
627 1072 763 1142 Cenisio
789 1070 993 1165 Haagaentn.
1017 1095 1051 1142 v.
1074 1096 1108 1142 v.

259 1167 419 1241 Conferte
443 1170 635 1266 caespitosa.
655 1168 769 1249 Cauiis
788 1187 937 1257 erectus,
958 1164 1158 1236 ascendens·

209 1288 253 1336 ve
265 1319 277 1356 ,
301 1263 498 1360 elongatus,
521 1264 687 1362 simplex,
712 1263 793 1336 dein
816 1259 1010 1334 innovando
1033 1262 1096 1337 sul)
1120 1288 1156 1331 a·

235 1361 287 1431 ice
320 1363 533 1432 continuatus
571 1382 628 1432 aut
664 1387 841 1450 ramosus,
878 1359 1027 1431 inferiori
1062 1378 1158 1456 parte

208 1386 309 1555 llange
332 1457 455 1531 nudus.
473 1458 568 1527 Folia
585 1457 658 1527 laxe
680 1455 1020 1547 imbricato-trifaria,
1041 1475 1160 1554 paten-

208 1555 277 1645 tia,
301 1554 417 1625 infima
441 1551 705 1649 ovato-elliptica
721 1554 903 1642 subacuta,
920 1550 1032 1624 media
1043 1550 1160 1622 oblon-

209 1650 473 1747 golanceolata,
496 1647 811 1748 perichaetialiaque
842 1647 1160 1739 lineari-lanceolata

209 1767 331 1840 acuta,
354 1749 565 1819 subcarinata
587 1749 720 1841 integra
743 1747 856 1816 omnia
880 1771 985 1818 nervo
1010 1766 1088 1816 ante
1121 1771 1158 1814 a·

208 1847 324 1941 picem
342 1862 566 1916 evanescente
584 1841 753 1940 praedita,
767 1841 978 1913 subrotundo
993 1840 1160 1941 elliptico‚

210 1938 415 2038 quadrato‘ve
439 1943 569 2011 minute
594 1938 759 2030 areolata,
786 1938 953 2037 diophane
965 1992 976 2030 ,
1009 1941 1159 2010 siccitate

210 2061 379 2134 appressa.
405 2034 574 2133 Vaginula'
596 2034 791 2134 cy'lindrica.
817 2036 898 2135 Seta
922 2055 1036 2107 erecta
1057 2034 1161 2105 subti-
1209 2063 1210 2066 ¹

209 2129 288 2203 liter
311 2136 443 2225 striata,
467 2136 615 2204 siccitate
639 2135 838 2231 praesertim
862 2133 991 2203 tortilis.
1017 2130 1163 2230 Capsula

212 2227 421 2328 cylindrica,
444 2251 581 2321 erecta,
615 2230 816 2326 operculum
848 2229 1161 2300 comeo-acumina-

212 2345 312 2418 tum,
338 2352 438 2426 saepe
463 2353 544 2397 cum
569 2325 620 2398 cal
667 2347 717 2397 tra
752 2325 942 2398 decussum.
973 2324 1164 2396 Peristomii

214 2422 334 2497 dentes
347 2425 387 2515 -4,
400 2424 604 2526 quandoque
619 2353 1029 2522 lltrtangulotanceolau
1037 2477 1048 2513 ,
1067 2422 1165 2509 recti,

214 2522 486 2612 concaviusculi,
510 2520 799 2616 longitudinaliter
821 2520 957 2611 liuenti,
990 2516 1050 2588 diu
1083 2540 1165 2615 per-

214 2621 390 2710 sistentes,
416 2622 470 2692 vix
493 2621 556 2688 nisi
581 2632 660 2687 cum
690 2617 790 2689 theca
821 2635 1076 2706 marcescente,
1113 2610 1168 2683 vel

216 2741 285 2786 una
309 2741 389 2786 cum
412 2715 584 2814 particulis
609 2716 674 2783 oris
698 2714 850 2810 ejusdem
883 2711 1070 2799 distractis,
1103 2705 1166 2778 de·

216 2810 317 2884 cidui.
343 2812 429 2912 Caly
455 2833 506 2882 tra
540 2809 775 2881 mitraeformis
809 2808 1060 2903 suboctogona,
1096 2804 1169 2877 basi

216 2909 395 2999 laciniata,
420 2840 505 2981 ilisa.
526 2908 555 2977 F
557 2908 644 2977 iores
663 2905 802 2977 masculi
821 2903 1169 3003 capitulisormester-

217 3006 360 3077 minales
376 3009 412 3077 in
429 3006 552 3104 plantis
570 3005 818 3098 gracilioribus,
836 3000 997 3072 antherae
1016 3022 1169 3093 maguae.

268 3103 440 3202 Caespites
467 3101 482 3174 l
511 3110 556 3194 ξ,
581 3099 602 3169 2
628 3103 765 3173 centim.
790 3100 883 3191 longi
907 3117 942 3168 et
965 3095 1063 3166 ultra.
1082 3094 1171 3165 Cau-

219 3198 294 3291 les,
319 3202 459 3271 seorsim
482 3200 648 3296 spectati,
674 3195 694 3269 7
705 3253 716 3289 ,
742 3198 775 3267 8.
808 3192 937 3266 millim.
960 3193 1064 3289 longi.
1092 3193 1171 3263 Seta

223 3293 254 3366 l.
280 3300 416 3369 centim.
441 3296 555 3394 paullo
580 3321 752 3395 superans.
787 3355 790 3358 .
861 3325 865 3332 ¹

267 3393 363 3465 Folia
386 3393 577 3465 flavicantia
600 3413 658 3463 ant
682 3418 762 3463 curn
787 3386 883 3461 caule
904 3385 1168 3479 subfermginea.

269 3487 366 3561 Inter
390 3491 503 3566 caules
525 3489 701 3580 floriferos
714 3509 773 3559 aut
789 3483 996 3575 fructiferos,
1013 3480 1171 3579 frequen·

222 3585 368 3656 tissimae
391 3607 470 3657 sunt
492 3587 664 3683 plantulac
688 3610 831 3685 quarum
856 3581 968 3654 caules
991 3580 1087 3677 apice
1116 3602 1172 3646 ro·
1227 3614 1230 3620 ·

223 3680 296 3750 sula
318 3681 474 3753 foliorum
493 3683 658 3782 cyathum
668 3681 846 3756 simulante
862 3680 1093 3749 terminantur.
1108 3672 1172 3743 Fo-

223 3775 268 3849 lia
291 3775 377 3853 haec
399 3781 467 3853 late
489 3807 637 3856 concava
660 3779 798 3871 obtusa,
819 3774 1170 3870 subemarginataque.
