2867 4750
215 618 389 722 pnlinteni
411 614 662 718 quodammmo
680 614 849 710 referunt,
866 617 931 718 ipsi
947 521 1167 718 puennnuqiu‘

96 758 100 763 ’
214 761 474 842 vesperascente
497 738 575 834 die,
598 765 656 811 eas
678 763 747 811 una
767 740 844 812 vice
862 739 1029 842 simulque
1047 738 1092 814 ad
1109 767 1168 813 cu·

215 863 284 936 bile
312 862 481 936 reducere
512 863 631 937 nititur
642 915 654 954 ,
678 880 714 934 at
738 857 823 932 dum
844 887 948 935 unam
983 862 1168 938 alteramve

132 1036 135 1043 ·
208 989 422 1059 ‘renitentem
445 983 490 1057 ad
522 970 691 1067 ordinem
714 981 913 1084 compellit,
936 982 1168 1087 binchium,

17 1148 18 1151 ¹
115 1197 118 1201 Ι
215 1108 311 1180 illinc
332 1107 449 1208 plures
471 1104 699 1209 undequaque
724 1104 917 1204 dives-gunt.

97 1322 103 1333 .
246 1229 358 1321 ‚Quid
380 1231 607 1330 praestiterim
635 1227 741 1301 relate
768 1226 813 1300 ad
847 1225 1168 1303 determinationem

217 1356 434 1453 specierum,
456 1353 576 1453 paucis
603 1350 785 1426 absolvam.
810 1350 847 1422 Si
869 1369 950 1450 post
983 1348 1169 1447 evulgatio·

215 1501 297 1551 nem
320 1473 499 1550 Prodromi
523 1472 723 1575 Bryclogiae
747 1470 1011 1544 Mediolanensis
1034 1497 1168 1546 cuma·

214 1582 565 1671 misissimsProsess.
587 1595 760 1671 Balsama
784 1597 967 1697 conscnpti
979 1650 992 1689 ,
1016 1592 1170 1693 complu,

215 1720 311 1794 ribus
333 1740 408 1797 tum
432 1719 600 1817 indigenis
623 1745 705 1793 cum
730 1719 868 1788 exoticis
891 1715 1069 1818 speciebus
1090 1713 1170 1788 ben

216 1840 412 1939 baria-mea
445 1840 550 1915 ditasi
563 1895 576 1934 ,
609 1837 801 1913 defuerunt
833 1863 915 1914 vero
946 1837 1025 1910 libri
1037 1892 1049 1931 ,
1073 1856 1110 1911 et
1133 1840 1171 1912 iu

212 1966 332 2063 piimis
355 1990 459 2063 opera
483 1964 597 2037 omnia
619 1958 804 2057 lledwigii
825 1956 1167 2059 etSchwaegrtcta

209 2077 293 2176 maij
308 2110 400 2182 quac
422 2086 460 2161 in
471 2081 634 2159 ditissima
649 2080 864 2162 Bibliotheca
891 2082 1066 2155 clarissimi
1082 2080 1168 2152 Pro·

213 2204 348 2282 fcssmis
370 2201 558 2294 Mediolani
571 2206 811 2281 commorantis
825 2203 882 2277 die
898 2224 1073 2302 noctuque
1089 2227 1169 2276 vet·

213 2352 289 2412 sare
312 2324 446 2398 licebat.
470 2323 567 2399 Haec
590 2352 684 2401 nunc
706 2326 814 2406 semel
826 2328 863 2401 in
875 2331 966 2401 inno
979 2323 1168 2398 adirecon·

191 2463 194 2469 '
214 2450 334 2547 tingit,
358 2448 416 2521 vel
439 2448 540 2549 quod·
557 2469 679 2524 revera
699 2447 961 2542 miserandum,
986 2450 1041 2522 vix
1063 2474 1104 2520 ac
1121 2473 1168 2522 ne

213 2575 270 2643 nix
293 2568 434 2679 quidem
454 2572 585 2669 attingo
609 2596 673 2671 per
690 2553 803 2646 litems
820 2571 1107 2672 frequentissimas
1124 2567 1169 2662 ad

213 2693 327 2793 ipsum
348 2691 583 2772 Professorem
605 2694 778 2772 Balsamo
800 2693 859 2769 vel
882 2691 927 2766 ad
951 2692 994 2772 cl.
1022 2693 1143 2765 Cesaa·
1154 2737 1167 2786 ,

215 2816 275 2913 qui
296 2812 532 2916 humanissimi
554 2816 620 2887 siri
642 2816 687 2894 ob
708 2842 880 2889 summam
902 2842 983 2915 erga
1005 2843 1062 2890 me
1086 2815 1170 2888 ami·

215 2937 349 3027 citiam,
373 2940 566 3035 specierum
589 2938 723 3024 notitias
757 2941 905 3037 poticms
929 2936 1058 3013 exiliis
1082 2961 1166 3034 ope-

216 3057 310 3132 ribus
337 3057 593 3153 transcribunt,
617 3084 719 3165 saepe
754 3041 856 3137 etiam
892 3061 1007 3130 icones
1037 3054 1083 3128 ad
1106 3055 1168 3127 fir-

212 3176 357 3251 mandas
381 3178 557 3278 diagnoses
580 3206 673 3254 meas
696 3207 830 3253 summa
847 3207 928 3266 cum
946 3179 1124 3275 sagacitate
1141 3179 1168 3249 i·

212 3301 485 3380 ‹mitantur..Scd
508 3302 595 3382 baec
617 3302 707 3403 proh
731 3300 829 3375 dolor
851 3325 923 3372 non
940 3324 1076 3407 semper
1091 3297 1167 3379 lieni

215 3443 404 3530 potuerunt
414 3477 427 3514 ,
451 3443 487 3496 et
508 3422 591 3505 binc
608 3423 912 3514 hallucinationes,
925 3421 1021 3495 illinc
1034 3448 1166 3498 errores

215 3568 301 3651 ,quos
325 3543 469 3618 candide
493 3545 662 3646 professus
685 3575 787 3641 sum,
806 3549 1084 3657 quotiescumque
1107 3570 1167 3620 vu·

186 3689 189 3694 '
216 3667 526 3781 nitatesmxoptatas
543 3670 679 3776 pasiptai
696 3671 795 3744 Sicca
810 3668 996 3777 specimina
1007 3693 1070 3745 suo
1086 3665 1163 3748 10⁰⁰
