2867 4750
356 431 403 524 48
580 528 677 601 Scor.
702 518 801 599 XIV.
827 526 981 600 Aourct.
1236 562 1243 573 ·

354 624 445 697 Am.
458 624 613 699 -Bala
638 623 814 699 etDNtrs
827 623 959 701 Prodr.
983 622 1098 717 bryol.
1112 623 1253 705 aredio&

301 746 342 818 p.
367 718 424 793 99.
510 721 591 794 Seta
613 724 650 794 in
674 720 831 795 omnibus
853 719 967 795 laevis.
1281 724 1285 735 ⁴

353 912 411 1007 64,
435 911 584 987 Hrrruu
608 937 830 989 scoarrorors.
865 912 907 986 L.
929 955 979 968 -
992 913 1098 987 Caulo
1114 970 1117 979 .
1133 939 1252 987 ascen·
1325 934 1344 1007 '¹

306 1008 411 1082 dente
435 1031 493 1082 aut
516 1016 631 1085 er'ecto
644 1010 788 1109 simplici
811 1008 866 1086 vel
888 1036 993 1110 parce
1016 1026 1175 1103 ramoso,
1195 1037 1250 1081 ra-

304 1109 434 1207 misque
457 1107 671 1206 patentibus,
688 1111 876 1180 curvatisve
897 1163 909 1200 ,
939 1109 1076 1198 crassis,
1098 1104 1251 1203 turgidus

304 1201 390 1274 foliis
413 1202 518 1276 dense
542 1203 726 1278 imbricatis
746 1206 867 1276 erectis
878 1258 891 1296 ,
915 1202 959 1274 ad
982 1207 1114 1301 apicem
1137 1228 1251 1277 ramor

303 1326 381 1371 rum
404 1300 595 1372 subfalcatis
606 1355 618 1392 ,
636 1298 709 1373 ,late
737 1303 842 1373 oratis
863 1299 964 1375 valde
989 1303 1167 1392 concavis,
1192 1299 1252 1370 ob·

305 1400 385 1468 tusis
408 1418 466 1469 aut
484 1398 632 1471 breviter
645 1397 836 1495 apiculatis,
849 1398 1054 1493 marginibus
1071 1398 1142 1473 basi
1152 1421 1251 1564 Erae·

304 1495 422 1564 sertim
455 1497 602 1569 incurvis
613 1548 626 1584 ,
661 1497 824 1593 integris,
860 1520 1003 1571 enervus
1015 1549 1027 1586 ,
1045 1492 1153 1579 ,lineo
1185 1495 1250 1583 tis,

303 1592 451 1662 siccitate
475 1593 640 1688 appressis
663 1594 817 1703 rugosis3
844 1590 981 1692 capsula
1004 1588 1148 1687 oblonga
1171 1614 1249 1662 cor·

185 1680 194 1703 “
304 1710 397 1775 uua,
423 1687 583 1784 operculo
607 1714 737 1759 comeo.

350 1782 479 1855 Hedw.
505 1783 565 1881 Sp.
585 1808 625 1882 p.
650 1781 730 1857 295.
768 1779 977 1880 Scbwoegr.
1001 1781 1125 1881 Suppl.
1154 1780 1184 1854 l.
1210 1779 1245 1861 2.

296 1902 335 1975 p.
362 1877 440 1949 293.
465 1878 556 1950 Arn.
582 1880 682 1979 Disp.
727 1878 807 1955 .67.
824 1879 938 1953 Hoot.
956 1894 991 1951 et
1010 1881 1112 1977 Taya
1127 1880 1250 1953 Musa·
1300 1946 1305 1965 ,
1415 1958 1416 1971 ¹

301 1971 380 2047 brit.
400 2000 439 2074 p.
468 1976 545 2047 188.
570 1975 639 2047 aab.
660 1906 724 2063 ,ἦ
753 1975 865 2073 Duby
887 1976 968 2048 Bor.
989 1981 1079 2072 gall.
1099 2001 1140 2075 p.
1166 1973 1247 2053 561.
1415 1980 1416 2021 ³

299 2069 439 2143 Heben.
464 2073 583 2144 Maso.
606 2097 722 2169 germ.
743 2099 782 2172 p.
806 2071 887 2145 697.
1216 2118 1243 2147 ,ι

302 2196 324 2334 2¹
348 2167 518 2338 Hypggtym
542 2168 731 2241 Stereodon
754 2168 968 2269 scorpioides.
992 2167 1096 2242 Brtd.
1119 2168 1245 2266 BrJol.

347 2291 475 2461 [bring.
487 2373 522 2436 et
533 2360 647 2436 Nestl.
659 2387 694 2434 η.
709 2360 789 2441 522,
801 2361 957 2437 Brebiss.
969 2388 1005 2436 n.
1018 2357 1247 2460 ,llllsructa'ſs

274 2525 282 2554 Ι
346 2457 433 2530 Bina
456 2457 629 2531 individua
652 2460 800 2553 sterilia,
824 2463 940 2534 inveni
962 2480 1141 2539 commixta
1165 2485 1247 2531 ctam

299 2560 455 2655 sequenti
479 2581 498 2627 e
522 2577 639 2630 monte
663 2557 818 2649 Cenisio,
849 2578 990 2657 accepto
1014 2586 1034 2629 a
1058 2558 1219 2660 Bonjeun
1231 2605 1246 2649 ,

299 2655 389 2724 inter
412 2655 576 2751 caespites
602 2653 742 2724 caricis
766 2658 910 2726 limosae
946 2656 994 2726 ibi
1029 2653 1193 2727 collectae
1225 2677 1250 2730 a·

299 2749 447 2823 Bonnaz
472 2748 675 2848 exemplaria
698 2749 825 2849 aliquot
846 2754 970 2826 inveni.
1074 2813 1077 2820 .

346 2845 442 2920 Gaul.
466 2848 502 2918 in
525 2847 765 2945 speciminibus
788 2851 908 2922 uostris
932 2848 964 2921 5.
989 2849 1125 2919 centim.
1149 2846 1243 2944 long.

294 2941 380 3017 ¹hino
402 2946 543 3016 minima
564 2964 724 3041 respectu
746 2970 867 3016 eorum
889 2971 976 3043 quae
1000 2971 1101 3043 supra
1131 2941 1243 3023 addu-

299 3044 408 3114 ximus
443 3039 466 3113 2
503 3041 688 3113 decimetra
720 3041 976 3138 superantibus,
999 3040 1077 3113 folia
1100 3042 1249 3120 nitenti·¹

298 3138 511 3235 ferruginea,
534 3137 589 3211 vel
613 3140 750 3208 omnino
773 3136 876 3218 fusca.
1240 3187 1249 3212 ‚

346 3235 513 3335 Hypnum
534 3261 592 3306 sco
634 3233 738 3305 ioides
760 3232 866 3306 habet
882 3232 924 3306 cl.
944 3235 1121 3307 Allionius
1139 3235 1176 3306 in
1187 3231 1242 3303 Fl.

298 3331 439 3404 Pedem.
465 3331 499 3404 2.
523 3359 558 3431 p.
583 3330 604 3403 3
630 3330 654 3403 6
676 3331 805 3414 lectum
827 3335 863 3401 in
885 3330 973 3404 valle
990 3330 1116 3403 Ursina
1131 3326 1249 3406 Pede-s
1404 3399 1405 3412 ,

299 3430 441 3520 montii,
465 3427 549 3517 sed,
573 3431 670 3498 sicuti
704 3426 773 3524 jam
803 3432 943 3521 monui,
975 3426 1083 3500 musci
1105 3451 1243 3525 prorsus

300 3549 418 3594 omnes
442 3524 494 3595 Fl.
519 3522 659 3596 Pedem.
685 3523 808 3596 desunt
830 3528 867 3596 in
890 3524 1046 3598 herbario
1070 3522 1240 3622 ejusdem,

299 3644 367 3718 qua
391 3616 434 3692 de
457 3646 496 3694 re
518 3620 644 3719 rejicio.
679 3621 785 3696 Deest
806 3648 908 3722 porro
944 3620 1031 3698 haec
1066 3621 1182 3723 planta
1204 3620 1243 3693 in
