2867 4750
184 597 414 769 paulinorum,
448 594 559 705 foliisx
577 599 713 670 tenuius
739 599 938 701 subdatis,
979 509 1135 709 raisidlae

199 723 304 768 orma.
856 737 859 743 ·
1057 736 1060 745 ¹

188 928 206 949 υ
231 887 313 982 403.
337 884 519 960 Putscuu·
536 910 744 961 sorumauu.
774 890 816 963 L.
841 933 890 947 -
913 893 1028 969 Dense
1053 925 1131 972 cae-

181 989 371 1085 spitosum3
396 985 492 1056 caule
527 986 768 1082 subelongato,
802 1009 943 1082 erecto,
967 994 1134 1093 simplici,

181 1103 241 1155 aut
263 1110 340 1154 raro
364 1080 557 1155 innovando
581 1083 779 1181 simpliciter
802 1113 954 1179 ramoso,
973 1086 1059 1161 foliis
1083 1090 1134 1162 la-

175 1180 337 1252 'xiusculis
368 1180 562 1278 patentibus
594 1179 964 1254 lanceolata-subulatis
976 1239 987 1276 ,
1012 1213 1133 1286 supre-

179 1280 311 1378 misque
335 1276 540 1374 longioribus
564 1279 686 1348 erectis
716 1281 875 1377 integris,
899 1307 1006 1354 nervo
1038 1287 1135 1355 tenui

179 1372 387 1447 subevanido
411 1373 592 1472 praeditis,
613 1375 750 1471 capsula
764 1379 921 1447 immersa
933 1380 1133 1451 ovato-sub·

178 1471 326 1542 rotunda
354 1470 607 1562 obtusiuscola,
631 1472 772 1541 floribus
799 1469 956 1546 masculis
985 1480 1021 1548 in
1056 1475 1135 1548 axil-

178 1565 218 1638 lis
242 1565 401 1639 foliorum
424 1570 637 1668 superiorum
660 1567 771 1639 nudis.

201 1688 205 1695 ·
227 1663 269 1738 L.
294 1707 344 1720 -
368 1664 468 1736 arra.
494 1666 621 1761 oryot.
650 1663 686 1746 t„
699 1690 738 1763 p.
765 1663 821 1737 37.
846 1689 899 1739 ex
934 1665 1074 1742 uraca.
1091 1638 1135 1742 'a

182 1759 340 1860 Schimp.
367 1760 604 1860 Phaseac.,o.
633 1760 686 1833 15.
712 1759 783 1832 tab.
809 1759 841 1834 7.
951 1802 956 1805 ,
1027 1806 1032 1815 ·

226 1859 325 1931 Bals.
350 1874 386 1930 et
409 1859 537 1931 ultas
562 1859 694 1932 Prodr.
707 1856 822 1956 bryol.
836 1857 978 1933 rnediol.
995 1886 1034 1959 p.
1053 1858 1131 1934 175.

180 1979 222 2026 ex
246 1977 343 2054 parte
362 1955 496 2047 Dlltrs
521 1955 641 2056 Spieit
660 1981 699 2054 p.
727 1953 784 2026 22.
799 1956 815 2053 (
829 1955 912 2027 excl.
941 1956 1009 2029 Ph.
1030 1959 1131 2030 axill.

179 2050 315 2124 Prodr.
339 2052 467 2152 Bryol.
492 2052 663 2148 mediol.)
688 2053 771 2123 Lisa
791 2053 848 2124 tt.
868 2077 907 2150 p.
934 2053 1004 2124 dd·

199 2188 201 2191 ·
225 2148 394 2222 Phascum
420 2151 671 2223 intermedium.
683 2149 782 2220 Bats.
802 2163 837 2221 et
854 2148 982 2223 Ullus
997 2151 1131 2225 Prodr.

178 2239 294 2343 eroL
320 2246 461 2319 mediol.
480 2272 520 2346 p.
548 2244 626 2320 l76.
709 2334 712 2341 7

225 2342 281 2414 Ad
305 2349 473 2443 margines
509 2343 702 2444 sylvarum,
728 2344 764 2414 in
788 2345 934 2443 apricis,
959 2347 1133 2419 ericetosis

174 2437 392 2536 planitierum
417 2463 452 2512 et
475 2443 613 2514 collium
638 2441 754 2512 ltaliae
778 2443 960 2540 superioris
985 2470 1017 2514 v.
1043 2470 1073 2515 v.
1088 2442 1131 2513 In

176 2534 329 2606 Sardinia
342 2539 478 2609 australi
496 2560 531 2609 et
542 2538 655 2610 media
673 2541 804 2629 Moris,
822 2537 964 2632 DNtrs,
978 2536 1131 2629 Comba,

174 2634 212 2702 in
236 2630 348 2705 Sicilia
373 2635 555 2707 Balsama.

225 2727 344 2800 Variat
367 2752 493 2814 statura
510 2736 599 2803 inter
624 2731 656 2803 3.
682 2732 714 2804 5.
740 2731 869 2801 millim.
896 2750 931 2801 et
947 2727 1063 2827 paullo
1081 2730 1133 2801 ul-

175 2845 244 2917 tra,
268 2826 346 2899 solia
370 2854 492 2926 spurco
516 2828 770 2901 nitenti-viridia
788 2847 846 2897 aut
863 2824 1075 2919 ssavicantia‘,
1093 2826 1132 2897 li·

174 2926 458 3017 neari-areolata,
483 2953 558 2996 raro
583 2925 798 2996 denticulata.
824 2921 993 3019 Vaginula
1018 2923 1132 2996 brevis

175 3020 387 3119 cylindracea
411 3044 517 3094 setam
542 3024 762 3122 subaequans.
789 3020 950 3119 Capsula·
970 3019 1131 3090 brunnen

78 3156 80 3162 ¹
175 3117 305 3210 nitida,
330 3119 474 3190 subinde
499 3120 682 3191 rufesoens.
1056 3145 1060 3153 ⁴

222 3214 347 3288 Fateor
370 3219 469 3288 nimis
498 3217 619 3288 leviter
650 3221 686 3287 in
716 3213 890 3314 spicilegio
917 3211 939 3284 l.
966 3238 1020 3303 c.,
1052 3209 1132 3283 cha·

173 3332 320 3385 ractores
344 3341 364 3385 e
388 3316 554 3414 positione
578 3335 614 3388 et
636 3325 825 3402 structura,
843 3309 967 3379 llorum
991 3334 1127 3379 mascu-

172 3407 319 3494 linorum
343 3415 443 3511 pauci
468 3440 570 3513 quam
592 3438 655 3514 par
679 3431 731 3498 est
755 3395 954 3498 aestimans,
972 3403 1023 3476 de
1038 3404 1131 3478 diffe-

173 3511 281 3579 rentia
304 3511 394 3579 inter
417 3508 508 3582 hanc
530 3531 566 3582 et
586 3507 853 3609 praecedentem
888 3506 1063 3601 speciem,
1094 3524 1130 3594 et

173 3601 238 3675 Ph.
315 3605 419 3679 lustre
445 3603 582 3680 uraca.
619 3620 658 3678 et
687 3603 877 3701 'Schimper
911 3599 1126 3672 dubitavisse.
1220 3699 1222 3702 Ι

174 3699 256 3798 lpsu
304 3702 653 3776 Phascumnostrum
668 3719 670 3722 ’
683 3697 925 3773 intermedium
951 3696 1026 3794 *jam
1058 3696 1128 3794 jam

173 3823 230 3869 nie
264 3796 409 3882 docebat
436 3801 532 3873 binas
560 3801 691 3907 plantas
717 3799 781 3869 sub
810 3796 851 3868 P.
868 3794 1033 3900 subultti·
1062 3821 1127 3866 no·
1188 3833 1193 3839 ·
