2867 4750
296 588 343 658 ris
368 609 449 657 cum
472 587 654 681 segmentis
676 585 845 656 mterioris
868 579 1056 678 alternare,
1073 587 1250 687 utiqueal-

294 702 451 775 ternant,
475 680 537 754 sed
560 708 641 753 cum
663 681 819 753 cunibus
841 702 1096 779 segmentorum
1118 686 1247 786 prima·

293 804 437 851 norum·
492 826 495 834 ·
643 828 648 839 ·

390 901 413 946 1.
439 872 596 945 Floribus
618 872 913 976 hermaphroditis.

388 971 410 1011 ³*
434 971 574 1070 Crispas
596 1010 647 1026 —-
668 971 756 1045 foliis
779 974 929 1045 siccitate
952 974 1125 1046 contortis.

343 1160 422 1238 123.
447 1163 649 1236 Bnaamn
672 1162 905 1238 flammam.
930 1164 1053 1240 Hsnw.
1077 1206 1127 1223 -·
1150 1165 1245 1240 Con-

292 1263 612 1360 texto·caespitosa;
637 1261 734 1332 caule
758 1261 898 1333 demum
927 1261 1027 1336 valde
1062 1261 1243 1361 elongato,

291 1358 461 1457 simplici,
485 1356 542 1431 vel
569 1356 763 1430 dichotome
787 1381 944 1450 ramese,
968 1359 1032 1429 sub
1054 1362 1244 1433 innovatio·
1283 1396 1284 1400 ¹

289 1454 391 1527 nibus
415 1453 521 1530 dense
543 1473 760 1547 tomentos0‚
783 1459 886 1527 ramis
908 1454 1099 1553 fastigiatis,
1117 1458 1240 1528 strictis

290 1550 348 1623 vel
372 1554 468 1650 apice
492 1555 656 1645 curvatis3
679 1551 766 1623 foliis
789 1554 972 1624 imbricatis
1002 1553 1195 1651 patentibus
1220 1577 1242 1623 e

290 1648 362 1719 basi
386 1665 546 1748 appressa
568 1651 625 1721 vix
647 1648 783 1721 dilatata
806 1650 906 1748 longe
930 1649 1244 1742 lineari-subdatis,

289 1746 398 1816 acutis
411 1800 423 1837 ,
436 1747 623 1837 carinatis,
646 1746 855 1843 marginibus
891 1744 1023 1819 inferne
1058 1745 1243 1836 revolutis,

289 1865 329 1911 su
355 1866 437 1913 erne
461 1844 619 1934 serratis,
643 1844 792 1914 siccitate
829 1869 873 1942 ap
898 1846 1019 1933 sessis,
1059 1842 1240 1943 crispulis,

289 1867 555 2010 suiecundisve
569 1964 578 2009 ε
591 1958 662 2009 seta
683 1939 771 2012 foliis
787 1869 1083 2038 peridtaetialibus
1102 1940 1244 2011 caulinis

273 2033 452 2105 similibus
474 2034 654 2128 breviore,
692 2058 981 2131 erecto-arcuata3
1006 2063 1044 2108 ea
1070 2037 1142 2107 sula
1161 2063 1242 2111 ova-

288 2130 548 2208 aasubrotuntla
560 2186 572 2223 ‚
596 2135 746 2205 siccitate
774 2154 958 2229 contracta,
981 2062 1080 2206 valde
1103 2132 1242 2226 sulcata,

289 2226 451 2327 operculo
477 2226 652 2300 conoides.

336 2323 465 2400 DNtrs
488 2324 604 2405 Mant,
627 2350 662 2398 η.
687 2324 724 2418 4,
748 2339 783 2398 et
809 2329 914 2427 spicil
929 2352 969 2428 p.
993 2325 1028 2404 6.
1053 2326 1137 2402 Sani
1157 2325 1239 2401 Bos.

288 2433 352 2497 etr.
379 2418 461 2521 sp.
490 2421 591 2515 104*
619 2422 812 2519 Garovagl.
837 2439 905 2496 eat.
926 2450 964 2523 p.
991 2423 1048 2517 24.

335 2519 525 2591 Dicranum
550 2518 702 2618 Sphagni
729 2521 885 2620 Cellas(
904 2520 946 2593 cf.
972 2521 1093 2620 Spica.
1118 2518 1141 2591 l.
1167 2545 1196 2591 c.
1211 2520 1241 2619 ).·

336 2617 464 2712 Mong.
488 2630 523 2686 et
546 2617 661 2690 liestl.
686 2643 722 2690 n.
747 2617 805 2690 35.

336 2709 393 2782 Ad
417 2740 522 2812 rupes
545 2734 581 2785 et
623 2714 783 2805 arborum
820 2731 960 2786 truncos
1000 2714 1036 2784 in
1072 2711 1243 2785 umbrosis

287 2812 457 2880 montium
481 2809 684 2928 plerumque
720 2810 901 2884 editionum
937 2813 1084 2911 passim,
1109 2811 1145 2880 in
1170 2809 1241 2908 Ap·

286 2910 440 3011 pennino
465 2909 556 2979 bavi.
581 2934 614 2980 v.
637 2935 669 2979 v.

335 3000 379 3073 In
403 3002 557 3075 Sardinia
581 3006 683 3076 etiam
713 3006 873 3104 provenit
895 3028 938 3074 ex
973 3002 1016 3076 cl.
1042 3002 1179 3075 Malles
1200 3004 1241 3072 irs

285 3096 368 3170 Bos.
395 3099 484 3171 Zeis.
522 3098 625 3173 1829.
650 3141 699 3155 -
722 3099 783 3173 sed
806 3100 904 3174 deest
934 3103 971 3172 in
1002 3098 1161 3172 herbario
1193 3097 1237 3170 cl.

284 3195 438 3268 Morisii.
543 3230 545 3235 ·
621 3230 623 3235 ·
1233 3264 1238 3273 .

336 3291 460 3365 Junior
484 3295 685 3366 centimetra
710 3292 779 3365 duo
802 3289 1059 3368 altitudinasvix
1082 3289 1238 3385 excedit,

285 3384 412 3460 deinde
436 3390 481 3465 ob
503 3390 793 3485 innovationes&
819 3389 852 3464 7.
877 3392 1013 3462 centim.
1039 3389 1152 3462 cassies
1169 3388 1240 3461 adi·

284 3485 487 3649 Biscuntur3
511 3508 582 3559 seta
606 3488 628 3559 3
653 3488 785 3558 miliim.
808 3490 865 3562 vix
887 3507 1049 3586 superat,
1071 3510 1238 3559 nonanto

310 3580 385 3651 inae
409 3583 446 3651 in
470 3582 593 3659 eodem
615 3583 835 3684 pericdsaetio.
854 3583 949 3655 Folia
965 3586 1096 3656 variant
1112 3579 1238 3683 pallide

285 3675 342 3747 vel
359 3697 504 3751 saturato
523 3680 652 3753 viridia.
672 3679 795 3752 Variat
810 3706 914 3782 perso
931 3672 1016 3752 foliis
1033 3679 1237 3770 laxiusculis,

285 3770 343 3846 vel
363 3794 458 3848 secte
475 3776 690 3874 imbricatis,
707 3776 798 3879 'hinc
819 3783 857 3854 in
878 3779 969 3855 sicco
992 3782 1096 3855 etiam
1111 3792 1239 3884 *patens
