2867 4750
206 701 210 711 1
286 517 411 692 Milli
434 608 515 685 brit.
565 666 574 685 .
602 607 699 707 1437
720 606 819 693 Ταῦ.
844 608 900 686 t!
916 623 952 681 et
971 606 1029 683 22.
1039 608 1249 778 ἓεαίῑεωει

309 732 384 783 arte
408 727 511 804 etex
547 705 691 798 ‚Buxlu
722 704 864 804 viridi.)
895 705 980 778 Duo
1074 722 1121 780 ot.
1154 716 1246 806 gall,

280 738 363 884 isti.
388 801 527 878 Bacch.
552 817 587 875 et
610 801 767 900 Schimp.
792 807 817 874 l.
842 826 874 873 c.
924 855 932 871 .
983 857 992 874 .
1018 801 1088 876 tab.
1118 803 1148 877 l.

273 993 276 996 .
328 905 403 978 Aa.
427 902 490 973 Fe.
509 899 656 972 Pedem.
678 897 710 971 2.
725 925 765 999 p.
786 896 869 971 292.
922 901 1099 973 oletaFt.
1117 926 1246 973 veron»

282 998 317 1085 3.
337 996 493 1170 pbggfip
509 995 557 1095 ab
581 996 656 1083 All.
681 998 880 1095 exscripta,
904 994 984 1069 Ian.
1013 996 1093 1071 Cat.
1119 1023 1160 1098 p,
1189 993 1235 1091 19

284 1122 546 1264 ”Barbanna
568 1187 716 1285 vulgaris
741 1187 845 1262 Brid.
871 1190 995 1285 Bryol.
1024 1187 1054 1261 l.
1074 1216 1113 1290 p.
1138 1188 1220 1284 329,

331 1288 377 1362 In
400 1289 572 1374 montibus
596 1284 631 1356 di
647 1282 769 1380 Tentla
786 1281 1004 1367 Pedemontii
1021 1312 1065 1359 er
1084 1286 1244 1379 Allionio,

282 1384 367 1458 Vidi
390 1386 576 1484 specimina
600 1380 825 1453 Bellardiana.
852 1380 906 1464 Cl.
931 1381 1008 1453 Ian.
1030 1384 1132 1456 etiam
1151 1382 1246 1457 dedit

281 1485 460 1588 specimen
483 1480 635 1552 italicum
658 1477 721 1550 sed
744 1478 861 1548 locum
884 1478 1033 1551 natalem
1057 1482 1176 1552 omisit.
1287 1490 1291 1497 '

331 1577 447 1652 Facile
472 1597 508 1648 et
530 1580 642 1676 primo
665 1577 793 1646 intuitu
816 1574 1027 1669 dionosoitur
1050 1603 1070 1647 a
1101 1602 1243 1676 praece·

283 1674 390 1749 dente
413 1674 561 1766 robure,
584 1670 776 1769 rigiditate,
809 1627 926 1742 colore
958 1671 1058 1744 badio
1092 1675 1244 1767 nitente,

283 1793 321 1844 et
344 1796 426 1871 prae
450 1772 573 1880 ceteris
597 1767 755 1881 capsulae
777 1767 887 1840 forma
898 1822 910 1860 ,
934 1793 1022 1867 quae
1045 1768 1245 1882 brevioro'et

283 1894 391 2039 aas,
414 1864 1160 2060 aa,tarantasmum
1180 1892 1243 2033 a:

192 2094 194 2096 ¹
284 2061 367 2160 gulo
391 2057 598 2154 acutiusculp
608 2107 620 2150 ,
638 2078 677 2129 nt
695 2057 827 2149 dicam,
846 2056 1035 2154 conjunctis
1051 2058 1145 2129 unde
1157 2084 1244 2129 mar·
1291 2086 1295 2092 ·

286 2185 331 2255 go
349 2160 407 2257 qui
421 2153 596 2256 capsulam
613 2153 871 2226 circumscribit„
887 2153 1033 2255 Insuper
1046 2157 1245 2250 membrana

286 2252 444 2354 capsulae
469 2253 614 2324 exterior
636 2252 788 2322 interiori
815 2249 1000 2344 adhaeret,
1034 2277 1121 2343 nec,
1151 2252 1244 2323 dem·

286 2372 347 2450 pto
372 2345 555 2450 operculo,
579 2345 705 2419 autad
729 2349 978 2441 maturitatem,
997 2347 1032 2420 in
1051 2347 1151 2420 dorso
1181 2348 1243 2427 fin,-

286 2447 401 2539 ditur,
424 2467 464 2518 ut
486 2450 523 2516 in
546 2442 784 2543 praecedente,
810 2443 957 2543 Capsula
980 2448 1016 2516 in
1039 2444 1104 2517 hac
1141 2448 1242 2517 etiam

286 2545 395 2641 magis
417 2541 600 2634 inclinata,
624 2539 826 2638 operculum
849 2543 962 2623 minus
993 2540 1122 2636 latum,
1154 2541 1242 2614 diffi-

288 2639 415 2719 cillime
440 2636 667 2734 evellendum,
884 2643 886 2648 ’
926 2642 930 2649 ’

338 2734 524 2834 Vaginulas
547 2732 692 2807 hirsutas
715 2751 775 2808 aut
797 2731 877 2807 villo
899 2733 1059 2834 byssaceo
1076 2755 1183 2807 tectas
1199 2734 1244 2806 ad

288 2859 400 2934 pauca
424 2832 609 2932 specimina
632 2855 719 2930 quae
738 2828 782 2902 ad
799 2855 920 2900 manus
936 2852 1017 2902 sunt
1034 2856 1105 2904 non
1122 2830 1242 2925 video,

290 2940 359 3030 qua
382 2928 427 3002 de
450 2956 488 3002 re
512 2948 705 3000 tomentum
729 2953 789 2999 seu
813 2925 930 3000 villum
954 2925 1155 3026 byssaceum
1195 2928 1241 2999 uo

290 3045 475 3125 teguntur,
499 3051 519 3098 e
544 3024 724 3097 filamentis
747 3022 904 3094 soliorum
928 3048 971 3094 ex
992 3046 1089 3121 parte
1107 2957 1243 3124 proilire

293 3148 445 3216 censeo,
469 3148 510 3194 eo
534 3124 640 3289 mappis
663 3116 757 3228 quod
786 3113 864 3209 folia
895 3116 993 3201 facile
1011 3121 1243 3194 absumuntur

292 3240 330 3301 et
352 3214 508 3317 vaginula
531 3245 578 3289 nu
604 3247 623 3289 a
646 3237 808 3289 remanet
834 3214 943 3285 Aliter
961 3217 1062 3289 etiam
1080 3217 1180 3314 video
1197 3217 1241 3290 de

320 3313 490 3395 eristomio
525 3316 681 3386 exteriori
710 3312 811 3410 hujus
834 3310 1005 3410 plantae,
1044 3314 1128 3385 uod'
1144 3314 1242 3388 CCll.

291 3342 433 3487 louet.
458 3432 494 3484 et
517 3409 704 3510 Sclu‘mper
728 3435 749 3481 e
766 3409 963 3482 membrana
981 3340 1141 3482 cellulosa
1158 3412 1244 3490 indi

294 3511 367 3582 visa
378 3528 437 3580 aut
453 3507 598 3581 lacerata
615 3526 769 3579 constare
786 3504 959 3597 asserunt,
978 3505 1040 3578 sed
1056 3507 1141 3579 mihi
1156 3535 1244 3581 sem.

264 3622 272 3631 ⁸
294 3601 361 3705 per
379 3608 468 3677 visae
485 3603 625 3677 laciniae
642 3628 786 3676 numero
804 3605 938 3674 circiter
959 3598 1023 3696 l6,
1035 3629 1169 3676 sursum
1187 3634 1245 3680 ane

322 3719 472 3790 ustatae,
496 3699 617 3775 dentes
639 3699 856 3792 simulantes,
876 3724 917 3770 eo
940 3721 1077 3800 semper
1109 3724 1244 3776 extante

296 3726 492 3896 {lasciuire
511 3796 604 3902 quod
626 3798 663 3873 in
679 3795 783 3872 altera
799 3796 913 3904 specie
930 3790 1052 3896 (lentes
1072 3802 1248 3925 compagis
