2867 4750
295 488 346 539 χιι

294 589 337 659 Ιι]
359 583 529 660 ¹exarando
552 580 807 682 hoe‘opuseuio
836 583 882 652 ob
917 579 1065 653 limitum
1088 605 1198 681 angu-

249 714 350 801 stias,
368 710 480 781 omnia
502 732 591 807 quae
620 684 868 805 supervadanea
881 704 950 777 visa
973 724 1053 775 sunt
1076 706 1196 795 omisi,

249 851 457 932 quapropter
478 828 550 903 illas
581 848 715 900 tentum
725 883 738 920 ,
759 820 977 926 breviterque
1001 824 1198 900 adumbravi

251 951 375 1052 stirpes
400 950 485 1051 quas
505 974 599 1023 nune
621 950 773 1049 primurn
807 946 1030 1045 evtdgo,vel
1065 951 1200 1048 penitus

146 1100 149 1103 ·
251 1065 423 1165 reformo,
446 1098 576 1172 eaeque
599 1092 733 1147 tantum
751 1090 1008 1160 enumerantur,
1026 1096 1109 1170 quas
1125 1090 1200 1170 post

252 1194 525 1297 quinquennium
548 1220 569 1267 e
592 1191 732 1268 diversis
755 1191 873 1265 Italiae
900 1190 1107 1290 regionibus
1131 1191 1200 1299 eoi·

253 1319 344 1417 legi,
377 1317 519 1418 propria
555 1310 762 1416 experientia
792 1312 934 1388 edoctus
945 1369 958 1407 ,
973 1310 1073 1387 ⁸nulli.
1101 1302 1204 1414 quam
1251 1298 1253 1309 ⁴

253 1438 400 1538 propriis
425 1436 531 1510 oeulis
553 1457 602 1529 et⁸
614 1435 754 1538 (pridem
778 1432 876 1509 naute
899 1437 937 1507 in
959 1434 1080 1507 haere
1098 1434 1207 1507 fiden-

257 1557 343 1631 dum
368 1582 451 1632 esne.
476 1558 528 1630 Ut
550 1557 852 1658 deniqueelueeat
865 1582 953 1656 quae
971 1557 1014 1629 sit
1029 1555 1208 1657 suppellex

257 1706 337 1752 mea
359 1706 582 1773 messorum,
606 1706 694 1780 quae
717 1681 877 1778 regiones
898 1677 1012 1749 adhue
1034 1677 1205 1778 Bryologia

194 1827 196 1830 ’
252 1800 555 1883 eommendandae
565 1858 577 1896 ,
601 1799 659 1873 hio
677 1801 801 1900 juverit
811 1827 871 1877 eos
881 1827 1002 1873 omnes
1016 1825 1205 1888 recensere,

260 1904 319 2020 qui
342 1923 522 2022 speciebus
542 1923 587 1995 ab
610 1925 690 2022 ipsis
714 1920 902 1997 hincinde
925 1948 990 2020 per
1008 1919 1208 1994 diver'sasl-
1250 1984 1252 1987 ,

253 2043 358 2116 taliae
382 2044 498 2147 plagas
517 2043 706 2134 eollectis
721 2042 877 2116 herbaria
895 2069 971 2116 mea
994 2041 1208 2131 ditaverint,

249 2165 355 2277 ¹quod
370 2165 478 2238 simui
502 2169 567 2239 erit
589 2190 671 2262 erga
693 2189 752 2236 ens
787 2165 1019 2239 observantiae
1055 2184 1091 2238 et
1126 2164 1209 2260 greti

260 2290 364 2359 enimi
384 2290 629 2365 testimonium.
699 2370 703 2380 ¹

276 2408 484 2483 Professor
507 2411 583 2482 Jos
607 2409 681 2482 Bal
665 2415 793 2503 lsanzo',
807 2409 1011 2510 qnin'rontes
1034 2410 1211 2483 Larienses

259 2532 439 2629 primarios
458 2530 534 2604 fere
567 2558 707 2627 omnes,
731 2532 1023 2606 Mediolanensem
1049 2550 1089 2608 et
1122 2530 1212 2602 Tiei-

262 2677 407 2725 neusem
429 2680 549 2752 agrum
561 2667 573 2747 3
588 2655 835 2754 apenninum
859 2655 1024 2752 Ligurem
1047 2670 1082 2721 et
1105 2649 1210 2720 Etru·

166 2783 172 2810 ⁸
262 2782 387 2864 soum,
407 2779 532 2873 'agrum
562 2774 780 2869 Romanum,
804 2775 1088 2875 Neapolitanum,
1113 2770 1211 2843 Caia-

251 2896 572 2995 -briaeflprovineiaa
601 2897 763 2997 quasdam
780 2918 823 2969 et
855 2899 1038 2995 praecipue
1063 2891 1220 2965 Siciliam*

247 3016 674 3092 uinsulamnobilissimam
698 3041 734 3093 et
756 3021 958 3119 principem
972 3014 1213 3088 Mediterranei

246 3140 366 3210 meris
389 3137 457 3211 late'
481 3140 681 3242 peragravit
776 3199 779 3206 .
865 3199 868 3206 .

246 3297 253 3306 ·
273 3258 439 3331 Denter
474 3260 772 3335 Bartholomaeus
778 3259 923 3332 Binsol
907 3265 991 3333 letto
1015 3260 1213 3332 Muscorum

244 3378 416 3470 ditionis
426 3380 644 3481 Tergestinae
664 3380 825 3490 ..liberalis
1059 3455 1063 3468 ,

250 3559 254 3564 .
311 3501 430 3573 Felix
453 3504 603 3577 Bonum
628 3508 752 3575 montis
777 3504 904 3576 Cenisii
929 3527 964 3576 et
980 3502 1213 3601 Penninijuga

266 3612 449 3699 difficiliora
474 3646 510 3697 et
532 3626 635 3698 fere
624 3647 797 3700 mneeessa
810 3627 968 3726 ,pluries
985 3624 1213 3720 audacterque
