2867 4750
320 615 425 686 caulis
447 633 488 686 ut
509 611 695 712 plurimum
716 597 755 683 iri
777 607 901 710 plantis
928 608 1110 684 fructiferis
1141 603 1268 714 depeiss

320 712 400 785 dita,
425 711 621 810 Specimina
638 735 658 781 e
676 707 789 779 Sicilia
807 707 968 794 differunt
986 708 1099 779 colore
1111 705 1271 781 foliorum

318 807 516 880 ramealium
540 806 640 881 viridi
662 803 756 918 quod
779 824 872 877 certe
896 802 1027 903 pendet
1049 804 1093 876 ab
1116 824 1245 904 aetate,

368 906 487 978 Facies
509 902 592 1004 Brpi
615 902 779 1000 caprlbris
797 927 817 972 a
835 926 903 1000 quo
921 905 1034 973 statim
1051 899 1268 999 distinguitur

319 1000 405 1073 foliis
429 998 800 1097 oblongo-lanceolatis
823 1001 1043 1088 acuminatis,
1073 997 1224 1072 breviter
1246 1024 1268 1094 e

316 1109 426 1171 nervo
450 1116 652 1169 excurrente
676 1092 903 1195 cuspidulatis
935 1094 1131 1192 Specirnina
1153 1114 1268 1190 nostra

318 1197 374 1265 vix
397 1193 557 1267 differunt
579 1193 622 1264 ab
646 1190 860 1290 originalibus
882 1194 920 1262 in
942 1189 1076 1265 herbar.
1100 1189 1270 1286 Balbus,
1301 1254 1303 1260 .

318 1288 405 1362 foliis
428 1292 541 1391 paullo
564 1289 839 1387 angustioribus,
873 1307 1047 1361 caeterum
1082 1313 1267 1386 compage,

317 1391 494 1486 margine,
517 1411 717 1488 nervoque,
742 1381 946 1486 capsulaque
970 1387 1191 1467 conveniunt
1244 1471 1248 1476 ὁ

367 1577 446 1673 164.
471 1579 589 1653 Brrun
611 1573 1174 1654 incessebamur-Lare
1187 1604 1267 1664 con,-

316 1681 674 1777 texto·caespitosum;
698 1676 795 1747 cattle
826 1675 924 1749 brevi
955 1696 1097 1770 erecto,
1134 1672 1266 1747 inferne

316 1769 505 1844 radiculoso
517 1829 530 1866 ,
553 1774 617 1854 sub
639 1774 736 1872 apice
767 1769 961 1845 innovando
984 1796 1089 1872 parce
1114 1797 1268 1865 ramoso,

315 1871 417 1942 ramis
435 1872 568 1961 crassis,
585 1870 771 1962 bsevibus,
789 1867 922 1940 casalem
940 1872 995 1943 vix
1012 1866 1267 1962 excedentibus,

313 1963 401 2037 soliis
424 1964 529 2042 dense
552 1965 735 2038 imbricatis
766 1966 868 2037 oblon
891 1969 917 2035 's
929 2018 941 2055 ,
976 1965 1080 2036 oblon
1103 1964 1266 2038 o-obova·

313 2063 400 2134 tisve
424 2062 550 2135 obtusis
574 2083 632 2134 aut
655 2064 824 2135 subacutis
847 1992 1065 2161 pidniusculis
1122 2083 1156 2134 te
1173 2069 1264 2134 mar'-

312 2159 433 2254 ginatis
445 2214 458 2253 ,
481 2185 588 2234 nervo
610 2159 722 2232 valido
746 2180 949 2234 excurrente
972 2160 1124 2232 breviter
1148 2161 1264 2258 cuspi-

313 2253 425 2346 datis,
450 2259 583 2356 apicem
606 2282 723 2329 versus
745 2259 901 2348 serratis,
919 2258 1067 2328 siccitate
1086 2281 1264 2355 appresso·

313 2354 498 2446 contortis,
522 2382 561 2427 ca
587 2354 659 2425 sula
681 2352 954 2454 pyrisormi·elon
977 2373 1054 2446 ata,
1087 2373 1147 2424 aut
1170 2372 1262 2427 tere·

311 2448 470 2542 tiuscula,
488 2477 559 2551 pen
608 2450 656 2546 la,
668 2452 831 2553 operculo
854 2381 1044 2544 consideo,
1068 2451 1262 2543 brevi,mu'·

312 2547 499 2623 cronuiato.
868 2630 872 2637 .
1346 2616 1351 2626 .

359 2640 569 2740 Schwaegr.
593 2643 718 2744 Suppl.
745 2644 777 2718 1.
792 2642 824 2717 2.
836 2669 875 2742 p.
896 2642 975 2716 116.
988 2641 1060 2716 aab.
1082 2640 1139 2716 76.
1156 2642 1258 2743 Spera

308 2737 429 2811 Musa.
458 2738 488 2812 1.
507 2767 547 2840 ρ.
573 2740 629 2814 58.
655 2742 745 2815 Am.
767 2742 868 2841 Disp.
896 2739 993 2835 „dd
1020 2740 1259 2836 BridBryol.

310 2833 342 2907 t.
361 2861 401 2934 p.
425 2835 507 2908 668.
531 2839 669 2913 Mulier
692 2843 730 2910 in
752 2839 833 2911 Bor.
912 2842 948 2910 it.
976 2836 1079 2910 1829.

357 2932 415 3007 Ad
438 2960 541 3033 rupes
564 2957 622 3008 aut
645 2938 681 3009 in
704 2939 836 3035 pascuis
860 2937 1002 3033 apricis,
1027 2933 1162 3008 Siciliae
1174 2934 1259 3007 Bas

306 3052 408 3102 samo
419 3086 431 3123 ,
456 3030 629 3112 Sardiniae
652 3034 807 3125 Mulier,
825 3033 966 3125 Moris,
990 3030 1144 3126 DNtrs,
1169 3032 1256 3105 Cor·

305 3127 395 3198 sicae
419 3126 573 3202 Soleirol
585 3187 597 3224 ‚
620 3157 687 3203 nec
709 3131 789 3202 alibi
810 3127 998 3227 hucusque.

352 3223 487 3322 Longit.
511 3226 597 3300 canl.
622 3255 703 3300 cum
726 3230 826 3303 ramis
852 3224 870 3297 1
897 3229 1035 3317 centim.
1061 3225 1141 3297 Seta
1154 3220 1189 3319 2,
1202 3223 1255 3318 2}

305 3323 444 3391 centim.
468 3321 562 3395 Folia
587 3324 717 3396 caulina
740 3349 804 3423 pro
838 3348 935 3393 more
970 3321 1165 3415 emarcida,
1196 3343 1256 3395 aut

300 3417 439 3490 sordide
463 3419 685 3514 rufeseentia,
708 3445 822 3493 ramea
845 3439 991 3491 saturato
1015 3417 1143 3513 viridia.

305 3520 325 3593 J
350 3512 547 3587 Proximum
571 3519 720 3618 capillati
735 3573 747 3609 ,
764 3515 826 3589 sed
848 3515 934 3587 foliis
957 3516 1024 3597 late
1048 3515 1252 3614 marginatis,

301 3605 622 3713 breve-cuspidatis,
646 3613 782 3689 abunde
806 3612 986 3689 diversum.
1086 3658 1095 3681 0
