2867 4750
269 564 350 634 catis
366 561 822 660 patenti-incurvisangustc
839 559 1034 661 lingulatis,
1050 563 1220 641 lanceola·

268 660 353 729 tisve
375 661 507 751 acutis,
531 678 591 729 aut
613 657 868 750 obtusiusculis,
883 662 1221 736 carinam-canalicu-

267 752 367 845 latis,
390 757 542 850 margine
590 754 783 828 laniusculis
803 759 955 854 integris,
968 782 1076 830 nervo
1094 785 1219 833 excur-

267 870 367 923 rente
391 877 534 926 mucron
591 856 652 942 tis,
670 854 860 943 muticisve,
873 856 1024 926 siccitate
1043 855 1221 955 appresso-

268 948 416 1021 incurvis
446 950 583 1047 crispis3
606 947 743 1046 capsula
777 972 891 1022 erecta
928 971 1049 1044 ovata,
1074 973 1218 1030 oratore

261 1044 438 1141 oblonga,
462 1043 625 1144 operculo
648 1070 669 1116 e
690 1046 764 1118 basi
787 1050 906 1121 couiou
928 1067 1116 1140 attenuato,
1129 1075 1217 1151 cap·

266 1141 340 1238 sula
362 1142 529 1216 breviore.
1066 1173 1069 1177 ⁴

314 1238 453 1310 Bruch.
476 1243 514 1309 in
537 1237 617 1310 Bou
644 1239 734 1310 Zeta.
762 1235 864 1312 1829.
888 1232 959 1312 tab.
985 1238 1018 1314 2.
1030 1241 1103 1338 fig.
1128 1240 1163 1333 ‘l-

313 1333 590 1406 Trichostomum
603 1334 797 1408 viridulum.
809 1334 949 1412 Bruek.
960 1340 986 1410 l.
994 1361 1028 1411 c.
1038 1336 1071 1411 2.
1079 1353 1103 1410 t.
1114 1335 1219 1438 2,fig.

268 1431 302 1508 5.
327 1458 379 1510 ex
400 1437 478 1527 ipso
500 1446 649 1508 auctore
672 1438 709 1504 in
734 1436 784 1506 tit
1049 1435 1052 1440 ⁴

263 1587 266 1594 .
315 1532 443 1625 Moug.
467 1543 503 1599 et
525 1527 641 1606 Nem.
665 1555 701 1605 n.
727 1528 809 1606 915.

315 1623 359 1698 In
375 1629 514 1723 ,pascuis
536 1625 582 1700 ad
605 1639 732 1699 terram
744 1646 883 1725 ,atque
906 1624 951 1698 ad
974 1652 1079 1726 rupes
1095 1629 1133 1700 in
1143 1626 1220 1699 Sar-

266 1719 359 1801 diuia
382 1723 517 1796 australi
550 1722 734 1823 frequens,
758 1723 803 1795 ad
825 1749 928 1826 rupes
955 1749 1053 1796 secus
1074 1724 1218 1811 rivulos
1312 1794 1315 1800 ,

266 1818 435 1896 ininsula
459 1820 508 1893 Ga
533 1823 619 1892 raria
642 1820 789 1911 Divos,
813 1820 933 1894 Lura.-
1202 1875 1205 1881 .
1249 1893 1257 1914 x

315 1916 426 2012 Loug.
444 1943 483 1987 ca
522 1917 646 1990 .5-15.
665 1917 795 1991 millim.
814 1916 972 1989 Setarum
984 1916 1053 1991 8·9
1068 1917 1215 2011 millim.;

266 2011 344 2088 folia
368 2039 387 2082 c
411 2012 734 2106 {lavicano-viridia,
770 2017 864 2086 senio
896 2014 1140 2106 sanescentia,
1163 2039 1219 2085 su·

265 2107 372 2182 binde
396 2110 590 2182 substantiis
613 2110 771 2186 calcareis
795 2114 926 2184 vestita.
955 2110 1070 2185 Nervo
1107 2109 1219 2185 valido

267 2210 361 2281 senio
385 2207 595 2299 rubescente,
619 2207 738 2279 areolis
755 2211 894 2281 minutis
909 2207 983 2282 fere
1006 2207 1218 2280 indistinctis.

266 2344 316 2362 ·-
339 2303 532 2380 Peristomii
555 2303 675 2377 dentes
698 2302 744 2377 32
769 2306 990 2403 longiusculi,
1017 2306 1220 2399 filiformes‚

180 2474 190 2495 v,
267 2397 378 2492 recti,
402 2402 689 2502 aequidistantes‚
712 2430 971 2504 nonnumquam
988 2418 1058 2476 t'mo
1070 2403 1220 2475 alterove

266 2498 442 2592 breviore,
460 2499 515 2573 vel
535 2499 717 2599 perforato,
736 2512 817 2572 euin
834 2505 925 2573 conti
974 2500 1218 2572 oconssuente.

267 2652 269 2655 -
312 2597 432 2677 ,Variat
454 2622 673 2695 summopere
696 2618 824 2677 statura
835 2654 849 2693 ‚
872 2619 907 2672 et
937 2598 1008 2670 eliis
1027 2594 1221 2671 lanceolatis

267 2696 398 2786 acutis,
422 2715 481 2764 aut
504 2690 836 2790 oblongo-lingulatis
860 2694 1115 2791 obtusiusculis,
1144 2717 1219 2766 sae-

267 2791 404 2889 pissime
417 2793 526 2896 apice
549 2791 801 2867 subcucullatis.
898 2793 910 2814 “

319 2980 399 3056 256.
425 2982 701 3059 Tntcnosrorumr
730 2980 909 3061 mortuns.
941 2985 1094 3075 Breuem!
1120 3008 1162 3057 ex
1185 3010 1221 3058 e·

262 3080 404 3178 jusdem
428 3084 626 3179 specimine
783 3145 785 3148 ,

318 3177 595 3252 Trichostcmum
618 3177 916 3279 brachydontium.
946 3179 1054 3254 Muli.
1078 3183 1116 3252 in
1139 3175 1220 3250 Bor.

273 3275 363 3347 Zeis.
392 3274 494 3348 1829.
519 3275 589 3347 tab.
618 3275 648 3348 l.
659 3275 733 3371 fig.
759 3276 792 3349 3.
847 3336 851 3346 .
1039 3334 1043 3349 ,
1070 3357 1073 3363 ,

317 3373 375 3443 Ad
398 3399 501 3472 rupes
517 3389 560 3445 “et
574 3393 701 3444 terram
715 3371 893 3445 humidam
910 3375 945 3446 in
959 3370 1113 3445 Sardinia
1123 3370 1222 3445 Mul-

269 3474 335 3542 ler.
360 3470 554 3567 Specimina
578 3467 673 3541 dedit
696 3470 805 3542 celeb.
830 3468 969 3542 Bruch.

317 3567 541 3639 Praecedenti
563 3567 648 3639 facie
672 3566 896 3657 simillimum,
910 3587 1026 3638 tamen
1048 3564 1224 3659 distingui·

271 3679 328 3732 tur
349 3662 435 3735 foliis
458 3667 626 3762 supremis
648 3664 856 3759 longioribus
874 3663 1057 3737 linearibus
1072 3663 1221 3734 obtusiu-

270 3758 395 3857 sculis,
418 3786 525 3836 nervo
549 3782 751 3836 excurrente
767 3765 994 3857 mucronatis,
1011 3759 1222 3859 margiobtu
