2867 4750
883 463 934 530 ’.
1015 454 1080 531 itt

180 572 300 647 ovata,
322 550 381 627 vel
404 551 660 650 ovato-oblonga
682 550 849 653 pendula,
862 552 1026 654 opermlo
1044 582 1129 629 con·

178 676 262 724 vexo
286 654 422 722 minute
445 650 638 722 mamillam.

176 745 334 917 LwWeEb.
345 760 381 817 et
393 743 516 915 Mggug
527 788 578 801 -
589 742 729 819 Haben.
742 745 984 843 Muscgerm.
994 772 1033 847 p.
1049 747 1130 844 449.

215 847 262 914 ‘a
324 849 352 915 l.
401 893 420 915 .·
483 899 492 915 .
563 877 573 902 <-

221 940 359 1041 Bryum
370 869 662 1040 Iirymrocarpon.
686 938 790 1013 Brisl.
807 938 935 1039 Bryol.
953 940 981 1013 l.
994 967 1033 1042 p.
1047 941 1129 1035 654

176 1037 283 1136 (aron
309 1034 521 1134 Schwaegr.
540 1037 567 1134 ).

223 1133 364 1235 Bryum
388 1137 625 1234 caespiticium.
651 1129 689 1216 β.
713 1136 836 1206 minus.
865 1133 1131 1208 Florian-Muz-

174 1245 265 1302 aaut
293 1232 424 1329 Bryol.
448 1256 539 1306 rom.
559 1256 597 1330 p.
623 1229 701 1302 ll.l

220 1327 361 1428 Bryum
383 1326 621 1399 radiculosum.
637 1325 750 1401 Bria·
766 1332 790 1420 l.
815 1351 847 1400 c.
872 1327 977 1402 655!

220 1423 359 1526 Bryum
382 1428 590 1497 annotinum
616 1423 699 1496 Sari
722 1424 802 1496 Bot.
827 1440 892 1499 etr.
918 1424 950 1498 3.
963 1450 1009 1524 p.
1028 1422 1108 1496 96!

219 1518 267 1592 Pt
291 1520 507 1594 chostomum
522 1542 747 1620 compactum.
763 1520 868 1593 Colla
880 1520 980 1595 herb.
988 1520 1133 1622 pedem!

222 1548 357 1715 Mbug.
372 1611 416 1690 ,ἑι
438 1618 554 1693 Nestl.
578 1644 614 1692 n.
639 1616 722 1689 832.

182 1761 187 1782 .
220 1713 381 1814 Vulgare
403 1713 447 1787 ad
476 1736 603 1788 terram
634 1718 670 1786 in
700 1716 835 1815 pascuis
866 1713 991 1809 aridis,
1030 1717 1132 1788 etiam

172 1814 367 1904 maritimis,
384 1810 428 1884 ad
439 1839 555 1884 muros
566 1831 730 1902 vetustos,
744 1837 847 1911 rupes
862 1813 897 1884 in
915 1811 1087 1884 montibus
1099 1839 1134 1885 e·

171 1910 258 1981 tiam
272 1909 470 1982 editioribus
482 1913 583 1981 totius
590 1906 706 1980 ltaliae
717 1929 755 1979 ot
765 1908 950 1981 insularum
959 1908 1042 2007 ejus.
1054 1937 1086 1983 v.
1098 1936 1131 1983 v.

222 2006 351 2079 Caules
375 2031 455 2077 cum
478 2009 579 2078 ramis
601 2002 812 2102 longitudine
835 2009 965 2080 variant
999 2010 1132 2097 inter}

164 2120 211 2173 ⁴et
244 2106 419 2199 integrum
451 2104 714 2192 centimetrum3
744 2124 815 2174 seta
845 2106 978 2195 inter'3
1004 2121 1041 2175 et
1065 2100 1086 2174 2
1114 2110 1133 2193 2-

172 2200 320 2269 centim.
345 2197 441 2270 Folia
463 2198 587 2299 pallide
610 2197 728 2274 viridia
740 2256 751 2293 ,
764 2220 835 2272 seta
847 2225 1041 2301 purpurea,
1054 2226 1133 2299 oap-
1204 2252 1210 2264 .

170 2292 250 2383 sula
275 2295 425 2394 primum
447 2323 589 2369 amoene
612 2295 773 2390 rutilans,
798 2294 923 2369 deinde
947 2297 1131 2389 atro-ruia,

171 2411 236 2462 aut
261 2412 343 2464 atra.
369 2392 487 2466 Variat
509 2393 594 2466 foliis
619 2395 796 2469 evidenter
813 2393 996 2497 cuspidatis
1007 2452 1020 2489 ,
1041 2421 1131 2466 nun·

173 2514 283 2587 quiam
306 2516 387 2564 vero
411 2493 509 2563 sicuti
527 2495 569 2564 in
593 2494 811 2592 caespiticio,
833 2490 979 2594 capsulis
1003 2495 1107 2565 ovatis
1119 2545 1130 2583 ,

174 2586 446 2686 ovato-oblongis
479 2587 535 2660 vel
563 2591 599 2662 in
631 2591 880 2690 procerioribus
914 2588 1130 2664 varietatibus

174 2682 241 2754 suh
266 2683 593 2785 yrisot·mi·0blongis

116 2790 119 2797 '
178 2825 183 2838 ·
226 2710 476 2881 Kenespiticio
499 2781 640 2855 faciliter
672 2802 708 2855 et
740 2782 883 2857 feliciter
912 2783 1130 2880 distinguitur

176 2879 382 2976 caespitibus
405 2879 607 2970 laxioribus,
630 2877 715 2950 foliis
739 2884 889 2978 margine
913 2883 1054 2951 minime
1078 2905 1130 2949 re-

176 2973 314 3066 volutis,
327 3001 404 3048 -nec
427 2976 587 3076 pililormi
605 2974 799 3076 cuspidatis,
817 3002 981 3077 compage
1000 2977 1130 3046 tenuio-

175 3068 301 3164 ribus,
323 3075 427 3146 ceteri
491 3099 521 3145 e.
535 3115 584 3127 —
597 3073 669 3145 Cur
681 3073 838 3174 Bryologi
863 3071 1019 3145 nonnulli
1038 3071 1129 3142 hanc

176 3169 330 3264 speciem
354 3100 491 3243 cumuli.
510 3197 633 3243 carneo
649 3173 886 3243 con'tmxerint
897 3173 954 3244 six
966 3167 1129 3266 intelligo.

225 3264 302 3336 Sub
320 3265 413 3367 Bryo
430 3270 641 3367 caespiticio,
654 3201 736 3340 decli
757 3268 795 3339 in
811 3266 982 3368 spicilegio
995 3265 1127 3367 Bryum

148 3398 151 3403 =
177 3364 382 3442 annotinum
405 3363 490 3438 San·
500 3417 513 3456 ,
543 3385 585 3437 et
607 3363 889 3466 Ptychostomum
912 3383 1127 3462 compactum

179 3455 312 3552 Colla,
336 3486 378 3543 eo
402 3465 494 3535 enim
518 3482 673 3564 tempore
696 3462 812 3538 adhuc
846 3462 891 3538 de
923 3459 989 3534 hac
1011 3463 1125 3561 specie

178 3549 325 3631 dubium
347 3579 533 3661 supererat
1160 3576 1163 3581 '
