2867 4750
284 493 479 761 tcbszsldlutos
501 589 720 686 coadunatis,
748 588 834 664 foliis
868 589 1043 682 latioribus
1065 597 1240 697 magisque

286 716 307 760 ο
332 709 422 761 tusis.

335 879 417 954 321.
443 880 603 955 Gummi
626 902 773 954 camum
792 881 1095 957 an-DNtrs
1119 886 1237 959 Mani.

286 1003 321 1051 n.
347 977 403 1051 72.
431 977 622 1053 Gar-ovavi.
646 991 715 1050 cat.
734 1002 774 1076 p.
801 975 835 1051 7.
860 980 946 1053 Lisa
971 982 1029 1054 El.
1050 979 1197 1081 p·'2l·*

334 1077 462 1171 Moug.
487 1090 523 1147 ct
545 1033 661 1147 illesa.
686 1100 722 1149 n.
749 1071 830 1146 312.

334 1172 391 1244 Ad
415 1199 529 1243 muros
553 1191 702 1244 vetustos
734 1169 888 1244 meridiei
920 1175 1087 1273 expositos
1099 1231 1111 1268 ‚
1136 1193 1171 1247 et
1196 1169 1243 1247 ad

285 1294 389 1368 rupes
412 1271 502 1340 circa
526 1269 718 1341 Taurinum
742 1268 848 1361 Lisa,
872 1272 909 1341 in
933 1272 1104 1343 monubus
1121 1270 1165 1342 ad
1176 1271 1243 1342 La·
1286 1307 1291 1312 ·
1430 1305 1431 1344 3

285 1391 374 1438 num
402 1365 618 1462 Garovaglio
642 1392 674 1437 v.
700 1391 727 1436 s.

188 1453 192 1464 ⁸
333 1463 366 1533 Ε
389 1485 576 1563 synonymo
600 1460 745 1533 Museol.
770 1466 984 1559 germanicae
1003 1466 1040 1535 in
1052 1465 1166 1537 Mant.
1179 1462 1240 1535 ad-

286 1557 392 1631 ducto
405 1559 612 1634 escludenda
626 1558 852 1630 estGrimmia
866 1585 1049 1632 canescens
1059 1557 1241 1633 Schleiclt.

288 1657 483 1754 Specimiua
506 1658 549 1727 ab
574 1659 646 1755 ipso
671 1654 822 1726 Auctore
847 1656 968 1727 tradita
992 1658 1036 1728 ab
1054 1656 1121 1729 hac
1138 1655 1242 1753 longe

289 1752 449 1825 differunt
472 1773 508 1824 et
530 1753 619 1824 forte
642 1752 690 1823 nil
713 1750 805 1823 aliud
830 1754 951 1824 sistunt
969 1781 1073 1855 quam
1096 1755 1240 1827 varieta-

288 1871 360 1921 tem
383 1850 571 1921 Grimmiae
595 1869 711 1922 ovatae
737 1848 898 1922 Bridelio
922 1870 1112 1941 statuente,
1129 1847 1166 1920 ni
1183 1876 1245 1950 po-

288 1949 355 2019 tius
378 1950 520 2018 varietas
543 1945 778 2043 grandiuscula
806 1944 1169 2019 Grimmiaeebtusae.
1234 1963 1238 1976 ·

338 2041 399 2114 Cal
426 2063 502 2142 ptra
525 2046 562 2113 in
586 2042 652 2114 hac
676 2044 790 2143 specie
813 2041 859 2114 ad
882 2043 1038 2146 capsulae
1063 2045 1238 2114 maturita-

290 2160 362 2211 tem
385 2071 559 2211 dmidina
583 2140 633 2210 fit.

340 2230 377 2308 Β.
403 2234 754 2336 capillataCaulibus
779 2233 942 2332 elongatis
965 2233 1164 2310 'innovando
1188 2232 1241 2306 di-

291 2331 451 2406 chotome
474 2331 665 2429 fastigiatim
696 2335 855 2425 ramosis,
879 2331 964 2406 foliis
1000 2333 1161 2426 caulinis,
1188 2357 1242 2404 ra·

291 2435 420 2504 meisve
445 2429 589 2528 epilosis.
614 2432 626 2441 “
1113 2441 1116 2445 ’

340 2529 506 2600 Grimmia
530 2525 694 2627 capillata.
720 2525 848 2599 DNars
873 2527 988 2601 Mant.
1012 2553 1047 2600 n.
1073 2525 1129 2599 73.

340 2625 507 2697 Grimmia
532 2626 663 2696 crinita.
689 2624 807 2695 Moris
832 2623 890 2694 El.
916 2625 948 2696 3.
968 2651 1008 2725 p.
1031 2623 1111 2716 ll!

343 2722 434 2794 Cum
457 2720 687 2818 praecedente
711 2719 833 2793 sedin
864 2721 1019 2794 Sardinia
1041 2722 1130 2793 illius
1154 2720 1246 2792 vices·

295 2842 416 2915 gerere
439 2817 574 2890 videtur
599 2844 629 2891 v.
654 2845 686 2891 v.

344 2915 517 3013 Caespites
552 2916 588 2986 in
620 2913 687 2985 hac
719 2915 881 2993 varietate
916 2916 1116 3017 neutiquam
1147 2932 1187 2983 ut
1210 2913 1248 2981 in

297 3016 426 3180 {geleich
437 3014 646 3104 canescunt,
671 3008 847 3138 conjungo⁸
866 3020 909 3082 ela
925 3016 1125 3087 auctoritate
1140 3008 1247 3080 celeb.

331 3133 401 3183 rue
427 3161 436 3178 .

348 3298 429 3372 322.
454 3300 613 3371 Gnmum
649 3321 819 3372 cmmosa.
854 3299 976 3375 Hunw.
1015 3343 1066 3356 ·--
1090 3300 1190 3372 Bais,
1216 3311 1251 3368 et

300 3396 429 3470 Divus
448 3402 578 3496 pugili.
602 3422 638 3468 n.
672 3395 728 3468 16.
752 3411 802 3451 '-
828 3395 1019 3496 Garouagl.
1044 3412 1113 3471 cat.
1133 3421 1173 3495 p.
1199 3390 1252 3466 7?

349 3494 567 3566 Coscinodon
589 3491 793 3593 pulvinatus.
818 3494 848 3565 S
868 3516 969 3592 reug.
991 3521 1043 3570 ex
1060 3489 1201 3568 Britck.
1220 3503 1255 3561 et

292 3587 461 3688 'Schimp
488 3590 651 3664 Orthotr.
671 3616 709 3690 p.
736 3590 768 3661 3.
793 3596 829 3661 ‘ta
856 3647 864 3662 .
889 3591 938 3663 Π.
1007 3644 1012 3648 -
1077 3648 1085 3675 .
1115 3592 1123 3613 ’
1245 3605 1248 3609 ’

289 3708 297 3717 ·
330 3687 480 3780 ‚Monac
505 3702 540 3759 et
563 3688 678 3760 Nesci.
702 3712 737 3759 n.
761 3685 843 3759 911.
988 3700 991 3709 ’
1056 3712 1061 3719 ’
1122 3740 1127 3749 .
1181 3726 1190 3749 ι

231 3858 242 3867 ,
354 3781 397 3853 In
411 3781 562 3859 Sardinia
579 3787 716 3860 Muller
733 3809 785 3860 ex
801 3782 939 3861 Brucla.
957 3801 993 3860 et
1009 3782 1167 3883 Schimp.
1185 3786 1208 3852 l.
1224 3804 1256 3853 c.
