2867 4750
338 570 439 641 Romi
460 569 498 640 in
519 567 586 639 hac
607 569 768 642 ruricurte
785 569 989 643 robustiores
1005 569 1051 643 ad
1063 570 1085 643 3
1099 573 1240 645 cenrim.

379 685 538 737 ucuntur.
651 691 655 697 ’
1218 702 1221 709 ·

291 664 498 852 Ρθῗωίηιιε
511 761 689 835 confertim
701 788 894 855 ramosum,
906 762 991 835 soliis
1004 761 1234 857 subdistichis‚

290 861 348 930 viu
368 858 412 931 ud
436 861 568 958 apicem
590 886 765 931 rumorum
788 858 964 952 secundis,
982 885 1090 934 nervo
1107 863 1238 933 tenuis·

290 958 375 1026 simo
398 958 594 1048 instructis,
617 956 801 1056 aequaliter
824 959 1031 1028 acuminatis.
1220 1010 1224 1020 .

337 1051 505 1153 Hypnum
518 1052 708 1125 Stereodon
726 1053 882 1125 intextus.
894 1053 996 1124 Bne.
1011 1056 1035 1123 l.
1053 1077 1083 1124 c.
1091 1079 1130 1152 p.
1145 1053 1238 1147 584?

282 1186 285 1193 Δ
336 1147 380 1220 In
402 1148 532 1247 alpibus
554 1150 720 1222 Penniuis
742 1147 787 1220 ad
809 1176 913 1249 rupes
938 1149 1075 1220 Combo
1098 1178 1131 1223 v.
1156 1176 1182 1221 s

335 1246 461 1317 Procul
484 1247 578 1318 obest
600 1267 640 1318 ut
662 1246 808 1318 habeam
830 1268 894 1345 pro
918 1244 1074 1318 distincta
1097 1249 1233 1346 speciei

282 1340 378 1414 Cum
402 1342 448 1414 H.
470 1344 599 1414 intexto
619 1343 772 1415 Bridelis‘
802 1342 892 1443 quod
917 1370 958 1415 ex
982 1342 1135 1441 ejusdcm
1157 1341 1237 1413 her·

350 1444 356 1456 '
416 1465 435 1509 a
470 1438 579 1511 celeb.
610 1440 667 1511 De
694 1438 974 1512 Schleclstendal
985 1494 997 1531 ,
1031 1443 1236 1537 impetrante

286 1562 329 1605 c.
367 1536 486 1606 Cesuti
496 1591 507 1627 ‚
545 1536 675 1608 obtinui
711 1558 826 1608 nostra
858 1535 945 1607 haec
980 1558 1122 1608 varietas
1164 1562 1237 1606 om·

286 1633 369 1701 nino
393 1634 568 1728 congruit,
592 1653 707 1704 tamen
731 1632 966 1705 deficientibus
990 1636 1026 1704 in
1049 1633 1236 1731 specimine

286 1726 479 1798 Brideliano
504 1729 692 1827 operculis,
717 1757 804 1829 quoe
828 1750 866 1798 ut
892 1750 947 1800 ote
973 1749 1114 1800 rostrata
1136 1756 1157 1798 o
1174 1755 1233 1826 po·

277 1823 383 1895 lustri
401 1824 571 1895 diversum
584 1827 753 1917 facerent,
766 1825 847 1896 huic
862 1755 1056 1896 <lubicinus
1066 1823 1233 1896 subduco.

283 1963 289 1969 ·
334 1920 367 1990 E
380 1946 566 2020 synonymo
586 1924 814 2020 Muscologiae
824 1923 1037 1993 Britannicae
1061 1925 1098 1993 in
1110 1919 1231 1993 Poodr.

284 2014 308 2088 l.
334 2045 364 2089 e.
388 2015 563 2110 adducto,
588 2019 839 2091 excludendum
863 2039 914 2093 est
936 2018 983 2090 H.
1001 2017 1232 2117 subsphaero·

286 2140 412 2213 carpor}
422 2168 435 2207 ‚
459 2114 539 2184 dein
564 2113 609 2184 H.
634 2115 865 2207 salebrosum,
889 2117 1014 2211 Moug.
1046 2129 1082 2185 et
1117 2114 1231 2188 Nestl.

283 2235 320 2283 n.
345 2209 451 2303 428„
468 2209 561 2308 quod
578 2212 621 2280 ab
638 2215 716 2309 ipsis
740 2212 924 2283 editoribus
941 2233 1059 2311 postes
1076 2231 1111 2283 et
1121 2214 1232 2311 aptius

284 2306 518 2477 lileHypnum
540 2307 865 2416 pseudoplumosum
896 2308 998 2383 Brid.
1034 2328 1232 2383 revocatum

331 2594 389 2668 62.
420 2596 571 2670 Hirtius:
607 2621 939 2674 ouosrmocsurou
975 2600 1156 2672 Senum
1179 2639 1231 2656 -

283 2691 412 2765 DNrrs
435 2697 549 2767 Mant.
573 2722 608 2768 n.
628 2697 685 2769 30.
1090 2757 1091 2760 ¹

286 2845 289 2852 .
331 2789 389 2861 Ad
410 2817 515 2889 rupes
535 2792 686 2866 madidas
709 2795 746 2864 in
769 2793 899 2892 alpibus
911 2794 1074 2865 Penuinis
1086 2791 1226 2864 Combe

283 2913 316 2959 v.
341 2913 367 2958 s.
392 2887 512 2959 Planta
536 2889 647 2962 colore
671 2893 795 2990 possim
818 2891 948 2985 lurido,
966 2889 1044 2964 folia
1067 2915 1227 2987 suprema

282 3009 454 3058 ramorum
477 2989 532 3057 vix
553 2986 889 3059 viridi-nifescensia
901 3044 913 3079 ,
944 3014 1051 3060 nervo
1081 2985 1227 3058 nibello.

282 3079 429 3153 Fructus
451 3085 583 3182 saepius
605 3088 761 3156 oriuntur
783 3110 804 3156 e
828 3088 938 3156 ramis.
1055 3127 1057 3133 .

330 3177 448 3251 Varias
469 3179 677 3277 longitudine
701 3207 892 3274 ramorum,
915 3184 952 3251 in
974 3182 1063 3252 sicco
1086 3177 1159 3250 fere
1176 3197 1228 3250 te-

282 3277 406 3347 retium
414 3332 426 3368 ‚
449 3275 536 3347 foliis
559 3277 817 3368 obtusiuseulis,
841 3281 968 3369 oculu,
984 3277 1227 3348 subacomioae

164 3371 167 3374 ’
282 3372 366 3447 risve
377 3427 391 3465 ‚
414 3397 519 3447 nervo
539 3374 743 3445 eorumdem
766 3373 910 3473 simplici
932 3373 988 3449 vel
1010 3372 1126 3445 bifido.

288 3599 305 3626 ε
326 3562 387 3635 63.
412 3541 559 3638 Hirrum
582 3591 706 3654 nourr.
730 3568 848 3640 Dicis.
860 3607 909 3631 v·-
924 3564 1031 3640 Caule
1054 3562 1225 3640 fascicula·

281 3661 343 3731 tim
366 3687 519 3758 rumoso,
541 3666 710 3762 ramisque
734 3668 850 3758 senio,
873 3665 1005 3738 inferne
1029 3660 1226 3754 denudaris,

282 3755 488 3857 simplicibus
509 3782 567 3834 sus
582 3785 685 3859 ΡΜ
706 3765 870 3858 ramosis,
893 3760 1137 3856 oemuusouhs,
1159 3759 1223 3832 ob·
