2867 4750
198 570 334 646 Fauor
347 568 495 643 Summe
507 567 638 643 mitt.
658 569 785 666 Moog.
797 570 957 645 ecNestt
969 475 1104 668 134527.

201 668 387 759 infossis,
428 666 565 756 rivulis,
603 665 891 765 aqtmeductibm,
915 668 959 741 ad
981 671 1107 770 palos,

153 764 309 934 Lapides,
334 788 409 835 rara
419 816 430 852 ,
448 782 536 833 rotas
554 762 813 835 molendinarias
823 820 835 857 ‚
848 792 1109 933 nonnumtpuam

224 886 327 959 rupes
350 857 500 929 madidas
524 862 561 929 in
585 861 824 950 montanis3in
847 865 939 931 omni
963 861 1015 934 Ita
1029 867 1059 936 ia
1074 883 1110 936 et

153 962 192 1034 in
216 956 347 1029 insulis·
365 956 574 1054 principibus
610 954 765 1053 ejusdem
796 984 828 1029 v.
845 984 877 1030 v.
906 958 1107 1057 Saepissime

155 1079 353 1140 emersum,
374 1071 409 1122 et
425 1070 557 1123 tantum
575 1038 612 1123 id
634 1053 702 1124 hoc
720 1073 810 1125 statu
827 1052 1032 1126 fructificans
1055 1059 1106 1129 vi·

156 1174 234 1224 siun
258 1147 344 1221 mihi
367 1168 427 1219 est.

134 1244 138 1253 ’
207 1245 328 1316 Planta
350 1242 561 1341 longitudine
586 1245 733 1317 caulium
756 1244 879 1319 ludens
893 1246 949 1318 a3
968 1249 1108 1319 centim.

158 1340 205 1415 ad
228 1341 349 1413 decim
374 1343 547 1437 integrum
571 1367 650 1412 oum
674 1342 822 1414 dimidio.
843 1342 995 1443 Huiusce
1007 1366 1110 1441 porro

158 1440 336 1512 varietates
359 1439 583 1529 innumerae,
612 1442 716 1511 immo
753 1438 895 1510 totidem
932 1442 1109 1512 varietates

160 1556 244 1634 quot
266 1553 346 1604 sunt
368 1531 520 1604 diversae
544 1533 727 1606 localitatcs
750 1536 953 1636 plerumque
976 1533 1109 1608 habeu-

160 1651 235 1723 tur3
258 1650 379 1731 utpote
403 1651 632 1702 momentosae
652 1636 823 1703 recenseri
855 1653 1031 1704 merentur
1060 1660 1111 1705 seb

161 1748 304 1827 quantes
328 1726 466 1801 formae.
489 1724 534 1797 l.⁰
549 1726 594 1798 H.
616 1728 812 1799 atlanticum
828 1728 931 1800 Brid.
950 1727 1043 1828 quod
1068 1734 1111 1801 si·

162 1829 218 1896 stit
232 1824 382 1922 plantam
402 1822 644 1916 luxuriantem,
661 1850 839 1923 proceram
851 1879 862 1915 ‚
875 1830 1041 1924 pinnatim
1053 1827 1110 1901 vel

162 1920 402 1992 unilateraliter
425 1922 681 1991 rantosissimam
691 1973 703 2010 ‚
722 1924 823 1991 ramis
847 1924 975 2014 crassis,
989 1922 1109 2020 longis,

124 2051 126 2055 ·
163 2017 348 2090 directione
367 2019 463 2091 variis
475 2042 485 2105 3
497 2017 599 2112 vulgo
616 2015 863 2089 observandam
880 2021 915 2089 in
933 2017 1042 2090 fundo
1054 2022 1110 2092 vel

164 2113 207 2185 ad
255 2119 374 2184 arietes
398 2112 584 2184 rivulorum
607 2139 710 2211 aquas
753 2117 881 2186 uriores
899 2113 1109 2187 vehentium:

164 2209 213 2284 2?
275 2213 426 2281 arietatos
449 2213 549 2280 ramis
572 2142 820 2308 gmciliordrus,
844 2237 931 2311 quae
966 2212 1011 2281 ob
1034 2210 1112 2283 lolia

161 2305 346 2380 laxiuscula
367 2304 573 2378 subdisticha
608 2305 728 2407 Hypui
751 2311 864 2407 riparii
887 2307 1012 2379 fo'rmaa
1031 2307 1111 2408 pul·

164 2404 318 2476 chriores
334 2403 523 2489 aemulam:
538 2403 586 2475 3.⁰
594 2404 754 2505 Denique
772 2410 868 2478 venit
884 2433 998 2476 macra
1009 2433 1113 2505 quae·

166 2499 243 2573 dam
267 2503 410 2575 varietas
433 2526 536 2598 quam
558 2502 630 2599 ipse
653 2504 690 2573 in
721 2501 869 2574 fontibus
900 2529 1009 2601 prope
1033 2503 1110 2575 Me·

165 2596 338 2670 dioleuum
369 2596 460 2692 legi,
492 2596 643 2668 caulibus
678 2598 840 2696 elongatis
878 2599 1111 2692 fluitantibus,

66 2690 68 2694 ’
167 2696 331 2791 pinnatim
349 2695 506 2783 ramosis,
518 2690 593 2765 laxe
610 2691 769 2767 bisaricve
786 2695 925 2793 foliosis,
942 2697 1112 2796 areliquis

167 2789 265 2861 valde
286 2787 464 2862 recedens.
489 2788 831 2864 Nihilotamemninm
847 2791 935 2866 haec
953 2814 1004 2865 est
1023 2795 1112 2866 inter

168 2889 297 2984 species
321 2888 460 2982 cognitu
480 2884 646 2958 facillima.

214 3080 273 3170 48.
299 3075 447 3151 Hrruuu
470 3085 755 3151 aorurmrotruu.
781 3079 922 3154 Scoroc.
944 3121 994 3136 -
1019 3080 1112 3153 Lare

168 3177 416 3274 caespitosum,
441 3176 537 3248 caule
560 3197 726 3275 repente,
745 3175 933 3248 inordinate
957 3201 1112 3268 ramoso,

169 3271 459 3370 subpinuatoque,
471 3275 570 3344 ramis
582 3277 719 3345 remotis
732 3272 918 3343 directione
928 3270 1113 3344 admodum

170 3372 288 3460 rariis3
311 3367 397 3440 foliis
412 3372 549 3440 remotis
590 3367 983 3461 stantibus-subbifariis‚
1002 3390 1114 3443 ovato·

170 3463 386 3538 reiciundis
403 3468 509 3536 acutis
517 3521 528 3557 ,
547 3397 781 3563 planiusculis,
804 3465 973 3548 aemularis
982 3519 993 3558 ,
1007 3493 1113 3540 nervo

170 3558 214 3632 ad
236 3559 391 3636 medium
413 3561 575 3653 evanida,
592 3564 743 3640 mbindc
766 3564 897 3638 bifurco
919 3565 1112 3657 instructis,

173 3657 319 3736 siccitate
331 3661 537 3755 corrugatis,
549 3660 841 3758 poriohactialibus
850 3660 1015 3732 latissimis
1030 3662 1111 3733 suh·

174 3755 455 3853 membranaceis3
477 3775 548 3828 scta
569 3756 680 3850 laevi,
705 3756 840 3857 capsula
871 3777 967 3834 orata
987 3784 1113 3833 cernua
