2867 4750
188 568 349 644 arborum
370 561 499 664 pedes,
522 564 560 635 in
583 564 900 665 ericet'osis'passim
922 568 1077 640 inomni
1100 562 1136 638 I-

190 664 287 756 talia,
311 683 449 761 praeter
473 660 629 733 editiores
653 662 746 761 alpes
768 689 801 734 v.
825 690 857 736 v.
1151 665 1154 670 ’

236 762 353 831 Variae
377 757 537 831 dentibus
560 760 746 857 peristomii
768 759 995 849 brevissimis,
1020 758 1137 831 subin·

189 856 253 947 de,
269 854 336 926 'am
352 854 589 928 adnotantibus
607 854 682 927 cell.
702 855 803 938 Auct.
822 854 967 927 Muscol.
985 856 1138 927 Britann.
1195 891 1198 901 ¹

189 884 302 1024 bifidis
314 1007 326 1045 ,
349 973 408 1022 aut
429 950 757 1025 lineari-lanceolatis
781 955 902 1025 eximie
925 954 1136 1044 acuminatis,

189 1062 326 1150 Praeter
348 1049 575 1120 aberrationes
597 1051 737 1120 minoris
759 1049 923 1122 momenti
948 1074 967 1120 e
992 1068 1136 1140 statura,

190 1145 303 1218 colore
329 1165 364 1216 et
388 1171 407 1216 e
430 1143 517 1216 foliis
541 1145 744 1258 quandoque
768 1146 1018 1245 angustissimis.

239 1242 282 1312 In
305 1243 400 1313 novis
425 1244 665 1342 specimmibus
691 1243 828 1341 plantae
853 1269 955 1344 quam
989 1238 1141 1314 imbecil-

190 1336 279 1411 liter'
291 1365 354 1439 pro
370 1339 617 1439 Gymnostomo
631 1340 734 1411 habui
747 1341 979 1440 peristomium
996 1337 1040 1410 l6
1059 1336 1142 1409 den·

192 1456 301 1507 tatum
324 1433 426 1512 nunc,
440 1435 537 1529 vidi,
561 1456 597 1509 et
620 1463 639 1507 a
664 1436 811 1510 Weissia
834 1459 1050 1511 controversa
1069 1453 1142 1506 tan·

95 1573 96 1582 κ
190 1553 265 1604 tum
289 1531 401 1604 differt
422 1532 515 1610 foliis¹
530 1532 719 1624 latioribus,
742 1534 887 1635 capsulis
910 1532 1141 1624 crassioribus,

191 1632 378 1729 peristomii
402 1628 560 1702 dentibus
583 1629 754 1704 brevibus.

107 1901 110 1908 Δ
170 1845 192 1902 ·,
240 1821 839 1904 318.Wnss1scrunosronornss.
865 1820 1142 1898 Brun-Denso

188 1923 399 2018 caespitosa3
424 1920 521 1991 caule
547 1920 741 1994 innovando
779 1921 1002 2018 subelongato
1038 1943 1142 2017 parce

192 2043 346 2108 ramese,
371 2020 471 2088 ramis
494 2015 681 2116 fastigiatis,
704 2018 791 2090 foliis
814 2020 996 2090 imbricatis
1018 2037 1141 2115 patene

190 2113 304 2203 tibus,
328 2112 573 2207 canaliculatis,
597 2118 750 2212 margine
773 2141 921 2216 superne
945 2115 1142 2214 praesertim

192 2212 365 2302 incurvis,
390 2211 647 2306 obtusiusculis,
672 2235 732 2285 aut
754 2211 860 2286 nervo
874 2225 1074 2286 excurrente
1086 2238 1143 2284 va·

192 2304 262 2379 lido
286 2309 514 2401 mucronatis,
538 2308 752 2385 inferioribus
774 2310 969 2385 lanceolatis
992 2310 1142 2385 siccitate

191 2406 383 2504 appressiS,
399 2411 567 2504 supremis
578 2407 945 2483 lanceolata-subulcus
957 2404 1142 2496 tortilibus,

193 2522 265 2573 seta
288 2502 500 2581 breviuscula
524 2506 659 2604 capsula
683 2527 781 2579 ovata
798 2505 862 2577 sub
883 2532 940 2577 ore
960 2506 1141 2576 constricta

194 2617 310 2670 erecta
337 2621 395 2671 aut
430 2600 599 2674 lenissime
632 2603 809 2697 inclinata3
842 2602 1003 2703 operculo
1029 2626 1048 2672 e
1072 2600 1143 2671 basi

194 2694 403 2795 planiuscula
427 2698 564 2798 oblique
595 2720 762 2793 rostrato,
795 2699 931 2798 capsula
966 2699 1144 2787 breviore,

194 2795 380 2890 peristomii
404 2792 562 2867 dentibus
585 2799 824 2875 minutissimis.

243 2889 345 3056 Iprid.
369 2891 496 2990 Bryol.
524 2892 555 2966 l.
573 2918 613 2993 p.
639 2892 719 2986 342.
745 2892 884 2965 Huben.
899 2860 1142 2988 Musagorus}

90 3046 96 3063 „
193 2985 554 3248 {Hibenostomum
568 3040 769 3187 crispatam.
794 3083 980 3163 Hornsch.
1010 3086 1143 3159 escol
1179 3078 1182 3091 '

193 3348 196 3353 .
234 3204 428 3374 liliieiupes
452 3299 488 3349 ct
510 3282 640 3351 viarum
664 3283 832 3378 margines
855 3283 891 3353 in
911 3277 1063 3351 Sardinia
1073 3274 1144 3348 vul„

195 3374 566 3547 {liissslilgstmloe
578 3434 591 3472 ,
616 3377 778 3495 Combe,
802 3376 930 3455 DNtrs
941 3431 956 3470 ,
981 3379 1017 3449 in
1048 3373 1144 3474 Japi·

246 3567 368 3643 Catdes
392 3596 472 3641 cum
495 3574 594 3644 ramis
618 3576 863 3646 centimetrum
873 3575 1043 3670 integrum
1061 3593 1145 3645 non·

199 3688 385 3773 numquam
408 3665 620 3765 longitudine
642 3672 822 3772 atunguna
847 3671 946 3747 Setae
973 3667 1046 3745 2-3
1071 3666 1146 3741 mil·

199 3755 269 3830 lun.
294 3763 348 3832 vix
371 3761 546 3867 longiores.
