2867 4750
361 534 609 706 lloumbrosis
643 630 804 705 Ennia-iae
840 625 883 703 cl.
918 625 1052 703 Penus
1087 626 1172 704 San·
1204 634 1267 732 qui

312 735 441 831 optima
464 729 668 830 exemplaria
690 729 933 802 humanissime
956 725 1063 800 dedit

204 888 210 901 .
332 826 448 899 -nou
471 827 587 926 planta
610 827 828 899 innovatione
854 843 1050 991 comlputata
1086 821 1267 936 dimidium

948 921 1011 992 oha
1029 920 1175 1034 'pallade
1210 921 1267 993 lu-

311 927 553 997 centimetrum
589 922 707 1019 longit
747 943 879 1023 aequat.

311 1024 475 1094 tescentia
486 1076 498 1114 ,
521 1018 799 1092 lineari-areolam
811 1074 824 1111 ,
847 1021 987 1111 tenuia,
1011 1021 1162 1090 siccitate
1197 1021 1264 1089 cri·

310 1142 330 1190 s
354 1116 409 1187 ula
421 1171 433 1206 ,
451 1120 486 1187 in
500 1116 772 1189 innovationibus
786 1118 891 1213 magis
905 1117 1136 1215 approximata
1144 1170 1156 1207 ,
1173 1118 1266 1212 peri·

311 1144 487 1285 alaeualia
511 1213 651 1284 caulinis
675 1212 836 1311 longiora.
862 1210 1010 1313 Capsula
1034 1209 1142 1285 diluto
1167 1209 1269 1307 badia

311 1314 409 1410 apice
433 1308 598 1382 conoideo
622 1308 752 1383 obtusa
785 1308 949 1410 Calyptra
981 1310 1125 1404 conica,
1160 1305 1267 1385 latera

311 1425 428 1506 aperta
450 1430 566 1507 parva.

359 1595 430 1691 402
455 1598 621 1671 Pnasctm
644 1620 929 1672 tumnnnouvu.
945 1596 1072 1671 Dicas.
1095 1628 1146 1654 s·-
1174 1596 1265 1670 Cae-

310 1696 500 1796 spitosum3
525 1695 622 1768 caule
671 1698 797 1769 riorum
821 1694 987 1794 simplici,
1011 1693 1192 1791 elongato,
1224 1719 1267 1766 e·

310 1812 407 1864 tecto
420 1846 433 1884 ,
456 1791 512 1866 vel
536 1720 743 1866 ascentlente
756 1848 769 1885 ‚
787 1790 867 1863 dein
883 1792 948 1863 sub
964 1795 1060 1891 apice
1073 1788 1267 1863 innovando

310 1886 525 1982 stoloniler03
549 1889 635 1961 soliis
659 1887 906 1962 remotiuscnlis
941 1889 1213 1987 patenti-crectis
1245 1910 1267 1958 e

310 1984 381 2055 basi
405 1984 592 2058 lanceolata
618 1986 849 2086 amplectente
880 1984 1069 2078 subulatis,
1104 1987 1269 2080 integris,

311 2084 453 2151 summis
490 2080 699 2180 longioribus
737 2085 884 2175 erectis,
921 2108 1030 2155 nervo
1065 2100 1269 2154 excurrente

309 2175 704 2278 subulatocapillaceis,
734 2178 872 2280 capsula
903 2181 1063 2250 immersa
1099 2176 1269 2253 ovato-el-

308 2271 425 2372 liptica
449 2296 573 2370 acuta,
597 2275 740 2347 floribus
764 2275 922 2349 masculis
944 2275 1135 2348 axillaribns
1171 2300 1268 2373 gem·

311 2368 538 2460 miformibus.
1097 2429 1100 2432 -

359 2465 483 2540 Diels.
493 2492 572 2541 -eac
588 2468 728 2543 Brucla.
742 2483 778 2542 et
795 2468 953 2568 Schimp.
968 2466 1148 2542 Phoscac.
1157 2495 1196 2570 p.
1214 2466 1267 2541 15.

310 2561 380 2635 tob.
407 2561 439 2637 7.
465 2566 572 2638 Mull.
592 2572 646 2667 pl.
670 2573 754 2639 sice.
780 2567 924 2640 Sardio.
948 2569 985 2664 iu
1009 2566 1107 2642 herb.
1128 2568 1268 2640 Moris!

205 2659 209 2670 “
315 2660 572 2828 ¹61¹³leuridium
596 2662 847 2737 alternifolium.
872 2661 976 2738 Bru.
1002 2663 1130 2760 Brjyol.
1167 2662 1199 2735 2.
1225 2687 1264 2763 p,

358 2851 528 2926 Phascum
554 2855 759 2930 subulatum.
784 2855 884 2929 Bols.
908 2868 944 2926 et
967 2854 1096 2930 DNos
1132 2852 1266 2928 Prodr.

311 2947 426 3049 bryol.
451 2952 593 3025 mediol.
615 2979 653 3053 p.
682 2953 761 3030 175.
788 2973 963 3055 exparte.

357 3045 529 3119 Phascum
554 3050 700 3124 axillare.
726 3053 826 3124 Bols.
847 3066 898 3123 ,et
934 3046 1063 3123 DNtrs
1099 3053 1126 3120 l.
1160 3073 1194 3121 e.
1233 3061 1267 3120 et

308 3143 437 3215 illaeso.¹
454 3152 589 3218 exsiec.
615 3173 650 3219 n.
677 3146 733 3221 59.
761 3150 862 3247 (non
887 3145 1009 3220 Diels.
1041 3145 1126 3218 excl.
1164 3149 1269 3217 etiam

308 3240 570 3411 Synffigimm
594 3362 629 3414 et
651 3293 814 3413 fossarum
840 3341 945 3415 latera
962 3343 999 3413 in
1023 3329 1125 3442 sylvis
1149 3336 1266 3410 Italiae

307 3436 517 3601 mpcrilpnis,
542 3457 578 3508 et
600 3441 637 3509 in
661 3437 835 3513 Sardiniae
863 3437 1016 3511 australis
1039 3438 1175 3539 pascuis
1197 3434 1265 3506 hu·

308 3551 416 3602 menn
442 3558 483 3602 us
506 3560 538 3606 v.
558 3561 590 3607 v.
842 3589 846 3596 .
941 3565 955 3595 v.
984 3591 988 3600 .

221 3667 226 3676 ι
319 3665 326 3714 ;
357 3626 611 3711 Centimetrum
634 3657 735 3730 saepe
758 3630 971 3730 longitudine
1006 3648 1170 3731 superat,
1194 3654 1268 3701 non

307 3729 510 3832 computatis
532 3730 813 3802 innovationibus.
829 3730 860 3801 A
885 3737 1049 3830 sequente
1069 3727 1197 3824 optime
1216 3724 1267 3796 di·

304 3820 505 3916 stinguitur,
527 3827 716 3924 positione,
750 3847 789 3899 et
824 3846 994 3900 structura
1023 3824 1154 3898 florum
1189 3850 1264 3895 ma·
