2867 4750
175 598 340 677 duscula'
360 582 491 672 erectas
522 599 712 672 Peristomii
747 599 867 672 dentes
900 599 1126 700 longiusculi,

177 725 300 772 crocei.
525 764 528 773 ,
810 718 814 727 ’

185 856 190 865 ,
225 796 363 868 Thenas
386 820 428 868 ex
450 791 612 864 Bridelio
642 817 785 863 cernuas
808 819 879 865 non
914 790 992 866 vidi·
1014 821 1128 895 neque

176 898 213 966 in
224 891 463 993 pulcherrimis
476 891 718 991 speciminibus
735 893 877 963 suecicis
889 917 908 962 a
921 889 984 963 cel.
1000 891 1129 993 Kranae

176 991 346 1067 benevole
368 991 488 1062 missis
949 987 951 997 ’
1035 1028 1041 1035 ·

484 1179 562 1253 mi.
592 1130 837 1255 namnam.

224 1376 386 1476 Calyptra
410 1371 666 1447 mitraeformis:
690 1377 928 1474 peristomium
944 1374 1086 1475 simplex
1109 1398 1129 1447 e

177 1473 338 1547 dentibus
362 1470 408 1543 32
433 1471 536 1567 longe
560 1491 701 1567 anguste
724 1471 1066 1562 lineari-acuminatis,
1080 1473 1130 1544 iu·

177 1571 229 1641 tia
254 1569 374 1642 thecae
398 1571 586 1664 marginem
610 1568 714 1660 ortis,
734 1566 877 1656 'madore
907 1567 1129 1641 cimbam-in·

178 1666 299 1759 flexis,
323 1669 472 1737 siccitate
496 1666 618 1734 erectis
641 1662 696 1736 vel
720 1663 1042 1756 cirrhato-reflexis,
1056 1686 1126 1736 tre-

178 1763 281 1834 mulis
293 1820 310 1855 ‚.
328 1789 399 1835 non
437 1760 754 1860 torquescentibus3
778 1759 958 1833 columella
990 1761 1133 1833 inclusa.

179 1860 210 1931 F
212 1860 301 1931 lores
325 1859 497 1949 monoici,
521 1857 661 1933 masculi
684 1859 721 1929 in
743 1857 881 1938 ramulo>
898 1885 999 1959 supra
1022 1859 1131 1929 basim

179 1955 328 2029 caulium
353 1975 452 2045 orto,
476 1953 680 2025 terminales.
713 1982 717 1989 ·
1182 2022 1185 2025 .

190 2100 192 2105 ·
229 2053 390 2150 Propono
414 2077 521 2148 genus
544 2050 589 2122 ad
611 2070 765 2122 mentem
780 2068 894 2124 meam·
911 2052 1050 2123 omnino
1067 2077 1130 2121 uc*

112 2176 113 2179 ’
181 2174 289 2240 sum,
313 2147 467 2221 medium
489 2147 561 2218 fere
575 2151 796 2220 oenensiuter
807 2147 1079 2220 Eremodontem
1097 2168 1133 2219 et

183 2244 236 2317 Ta
257 2245 391 2338 loriam,
414 2271 480 2317 nec
504 2243 586 2314 huic
609 2272 675 2316 nec
706 2245 753 2315 illi
777 2248 840 2316 rite
859 2243 1131 2317 adscribendum.

185 2403 188 2410 .
228 2272 315 2416 Βίου
340 2342 552 2415 Amicissimo
575 2341 735 2414 Mauritio
759 2340 804 2414 de
845 2343 1005 2433 Rainer,
1029 2343 1131 2414 Bota-

156 2533 158 2538 .
185 2441 279 2513 niues
304 2439 435 2511 cultore
475 2443 667 2533 acerrim0,
691 2461 899 2539 strenuoque
911 2497 924 2534 ,
948 2441 1016 2539 qui
1039 2457 1133 2511 com-1

180 2536 298 2636 plures
320 2527 462 2611 rariores
485 2540 615 2637 speeies
638 2537 772 2609 Italicas
795 2538 933 2634 largitus
957 2556 1018 2610 est.

151 2725 176 2754 “
232 2728 315 2803 363.
340 2728 950 2802 Rsrnrmsnumnmms.1)an.
1127 2793 1132 2800 ,

230 2825 275 2899 In
299 2829 430 2928 alpibus
453 2827 513 2898 del
539 2829 667 2899 Forno
692 2829 729 2898 in
752 2825 853 2897 Valle
885 2823 1019 2898 Tellina
1052 2823 1135 2921 legit

146 2933 148 2936 ’
183 2924 321 3000 Ratner
344 2945 469 2997 aestate
496 2922 599 2996 1837.
1097 2935 1101 2948 ’

232 3020 542 3122 Ιιεικε,οῑιθερὶῑοεε.
567 3017 682 3092 Caulis
711 3038 871 3110 erectus,
898 3014 1138 3112 subelongatus

182 3116 414 3218 subsimplex‚
438 3118 571 3190 inferne
595 3116 847 3214 radiculigerus.
871 3115 966 3203 Folia
989 3116 1140 3187 laxeirn·

184 3213 311 3289 bricata
323 3273 335 3309 ,
358 3220 532 3317 patentia,
556 3217 698 3287 obovata
710 3270 723 3305 ‚
753 3234 874 3306 acuta,
898 3210 1135 3312 cuspidulata,
1182 3252 1189 3262 ·

186 3313 465 3409 concammio,
491 3314 725 3404 matinata,
745 3313 896 3408 margine
921 3311 966 3382 ob
999 3306 1139 3381 cellulas

184 3414 418 3508 prominentes
442 3432 595 3504 remote,
619 3407 908 3500 obtundentes,
931 3404 1076 3478 subinde
1090 3407 1141 3476 in·

185 3526 293 3604 tegra,
317 3535 423 3583 nervo
440 3529 526 3602 *ante
549 3511 682 3609 apicem
705 3507 851 3605 abrupto
875 3504 1023 3595 donata,
1048 3528 1142 3573 areo-

184 3600 226 3672 lis
248 3605 453 3700 grandibus,
476 3606 676 3706 polygonis,
699 3606 848 3677 siccitate
885 3628 1044 3701 appresso
1068 3625 1143 3671 cor-

184 3720 327 3794 rugata,
356 3703 443 3774 laete
467 3699 595 3777 viridia.
619 3701 791 3798 Vaginulav
811 3697 1035 3799 cylindracea.
1061 3698 1141 3769 Seta

185 3798 402 3872 crassimcula
424 3820 537 3875 erecta
549 3854 561 3894 ,
584 3826 758 3901 purpurea
787 3800 924 3892 nitens,
948 3794 1083 3897 capsula
1101 3822 1141 3865 o·
1186 3849 1189 3853 ι
