<?xml version="1.0" encoding="UTF-8"?>
<!DOCTYPE html PUBLIC "-//W3C//DTD XHTML 1.0 Transitional//EN"
    "http://www.w3.org/TR/xhtml1/DTD/xhtml1-transitional.dtd">
<html xmlns="http://www.w3.org/1999/xhtml" xml:lang="en" lang="en">
 <head>
  <title>
</title>
<meta http-equiv="Content-Type" content="text/html;charset=utf-8" />
  <meta name='ocr-system' content='tesseract 3.04.00' />
  <meta name='ocr-capabilities' content='ocr_page ocr_carea ocr_par ocr_line ocrx_word'/>
</head>
<body>
  <div class='ocr_page' id='page_1' title='image "./syllabusmuscoru00notagoog_0255.png"; bbox 0 0 2867 4750; ppageno 0'>
   <div class='ocr_carea' id='block_1_1' title="bbox 194 594 1149 1281">
    <p class='ocr_par' dir='ltr' id='par_1_1' title="bbox 195 594 1148 893">
     <span class='ocr_line' id='line_1_1' title="bbox 196 594 1147 698; baseline -0.001 -24"><span class='ocrx_word' id='word_1_1' title='bbox 196 602 274 675; x_wconf 86' lang='lat' dir='ltr'><strong>finis</strong></span> <span class='ocrx_word' id='word_1_2' title='bbox 296 625 415 674; x_wconf 87' lang='lat' dir='ltr'><strong>earum</strong></span> <span class='ocrx_word' id='word_1_3' title='bbox 438 597 597 672; x_wconf 79' lang='lat' dir='ltr'><strong>identitas</strong></span> <span class='ocrx_word' id='word_1_4' title='bbox 632 594 736 669; x_wconf 80' lang='lat' dir='ltr'><strong>facsse</strong></span> <span class='ocrx_word' id='word_1_5' title='bbox 766 617 883 698; x_wconf 78' lang='lat' dir='ltr'><strong>patet3</strong></span> <span class='ocrx_word' id='word_1_6' title='bbox 907 600 1103 674; x_wconf 87' lang='lat' dir='ltr'><strong>discrimina</strong></span> <span class='ocrx_word' id='word_1_7' title='bbox 1126 628 1147 673; x_wconf 87' lang='lat' dir='ltr'><strong>c</strong></span> 
     </span>
     <span class='ocr_line' id='line_1_2' title="bbox 195 692 1148 804; baseline 0.003 -35"><span class='ocrx_word' id='word_1_8' title='bbox 195 700 392 800; x_wconf 87' lang='lat' dir='ltr'><strong>peristomio</strong></span> <span class='ocrx_word' id='word_1_9' title='bbox 417 717 498 769; x_wconf 84' lang='lat' dir='ltr'><strong>sunt</strong></span> <span class='ocrx_word' id='word_1_10' title='bbox 520 720 617 768; x_wconf 86' lang='lat' dir='ltr'><strong>mere</strong></span> <span class='ocrx_word' id='word_1_11' title='bbox 636 692 863 768; x_wconf 87' lang='lat' dir='ltr'><strong>accidentales</strong></span> <span class='ocrx_word' id='word_1_12' title='bbox 881 718 917 768; x_wconf 88' lang='lat' dir='ltr'><strong>ct</strong></span> <span class='ocrx_word' id='word_1_13' title='bbox 932 698 1087 804; x_wconf 76' lang='lat' dir='ltr'><strong>pendpnt</strong></span> <span class='ocrx_word' id='word_1_14' title='bbox 1104 698 1148 771; x_wconf 85' lang='lat' dir='ltr'><strong>ab</strong></span> 
     </span>
     <span class='ocr_line' id='line_1_3' title="bbox 195 790 1041 893; baseline -0.004 -24"><span class='ocrx_word' id='word_1_15' title='bbox 195 792 391 869; x_wconf 84' lang='lat' dir='ltr'><strong>evolutione</strong></span> <span class='ocrx_word' id='word_1_16' title='bbox 414 793 576 893; x_wconf 79' lang='lat' dir='ltr'>plantae,</span> <span class='ocrx_word' id='word_1_17' title='bbox 599 790 677 891; x_wconf 90' lang='lat' dir='ltr'><strong>plus</strong></span> <span class='ocrx_word' id='word_1_18' title='bbox 701 794 858 865; x_wconf 86' lang='lat' dir='ltr'><strong>minusve</strong></span> <span class='ocrx_word' id='word_1_19' title='bbox 880 793 1041 892; x_wconf 81' lang='lat' dir='ltr'><strong>perfecta.</strong></span> 
     </span>
    </p>

    <p class='ocr_par' dir='ltr' id='par_1_2' title="bbox 194 888 1149 1281">
     <span class='ocr_line' id='line_1_4' title="bbox 198 888 1149 1002; baseline 0 -39"><span class='ocrx_word' id='word_1_20' title='bbox 198 913 204 920; x_wconf 86' lang='lat'>·</span> <span class='ocrx_word' id='word_1_21' title='bbox 243 890 348 963; x_wconf 80' lang='lat' dir='ltr'><strong>Forte</strong></span> <span class='ocrx_word' id='word_1_22' title='bbox 362 891 650 1002; x_wconf 78' lang='lat' dir='ltr'><strong>Gymnostornnm</strong></span> <span class='ocrx_word' id='word_1_23' title='bbox 658 888 865 960; x_wconf 89' lang='lat' dir='ltr'><strong>minutulum</strong></span> <span class='ocrx_word' id='word_1_24' title='bbox 877 910 1040 963; x_wconf 86' lang='lat' dir='ltr'><strong>eststatus</strong></span> <span class='ocrx_word' id='word_1_25' title='bbox 1053 918 1149 963; x_wconf 87' lang='lat' dir='ltr'><strong>mnn-</strong></span> 
     </span>
     <span class='ocr_line' id='line_1_5' title="bbox 194 986 1147 1087; baseline -0.003 -26"><span class='ocrx_word' id='word_1_26' title='bbox 194 1008 321 1061; x_wconf 83' lang='lat' dir='ltr'><strong>strosus</strong></span> <span class='ocrx_word' id='word_1_27' title='bbox 344 986 488 1087; x_wconf 66' lang='lat' dir='ltr'><strong>hujusce</strong></span> <span class='ocrx_word' id='word_1_28' title='bbox 515 988 663 1087; x_wconf 86' lang='lat' dir='ltr'><strong>speciei,</strong></span> <span class='ocrx_word' id='word_1_29' title='bbox 692 1012 715 1080; x_wconf 86' lang='lat' dir='ltr'><strong>e</strong></span> <span class='ocrx_word' id='word_1_30' title='bbox 752 989 936 1086; x_wconf 79' lang='lat' dir='ltr'><strong>peristomii</strong></span> <span class='ocrx_word' id='word_1_31' title='bbox 972 987 1147 1079; x_wconf 86' lang='lat' dir='ltr'><strong>absentia,</strong></span> 
     </span>
     <span class='ocr_line' id='line_1_6' title="bbox 194 1082 1145 1185; baseline 0.003 -28"><span class='ocrx_word' id='word_1_32' title='bbox 194 1089 388 1185; x_wconf 86' lang='lat' dir='ltr'><strong>promiscue</strong></span> <span class='ocrx_word' id='word_1_33' title='bbox 413 1087 505 1157; x_wconf 91' lang='lat' dir='ltr'><strong>enim</strong></span> <span class='ocrx_word' id='word_1_34' title='bbox 527 1088 565 1156; x_wconf 91' lang='lat' dir='ltr'><strong>in</strong></span> <span class='ocrx_word' id='word_1_35' title='bbox 589 1082 742 1156; x_wconf 86' lang='lat' dir='ltr'><strong>Sardinia</strong></span> <span class='ocrx_word' id='word_1_36' title='bbox 766 1109 847 1155; x_wconf 87' lang='lat' dir='ltr'><strong>eum</strong></span> <span class='ocrx_word' id='word_1_37' title='bbox 869 1105 1013 1185; x_wconf 86' lang='lat' dir='ltr'><strong>utraque</strong></span> <span class='ocrx_word' id='word_1_38' title='bbox 1036 1088 1145 1160; x_wconf 84' lang='lat' dir='ltr'><strong>varie·</strong></span> 
     </span>
     <span class='ocr_line' id='line_1_7' title="bbox 195 1182 762 1281; baseline -0.007 -26"><span class='ocrx_word' id='word_1_39' title='bbox 195 1201 264 1255; x_wconf 86' lang='lat' dir='ltr'><strong>tate</strong></span> <span class='ocrx_word' id='word_1_40' title='bbox 288 1182 422 1281; x_wconf 80' lang='lat' dir='ltr'><strong>legitur.</strong></span> <span class='ocrx_word' id='word_1_41' title='bbox 758 1183 762 1194; x_wconf 87' lang='lat'><em>&#39;</em></span> 
     </span>
    </p>
   </div>
   <div class='ocr_carea' id='block_1_2' title="bbox 188 1371 1149 3318">
    <p class='ocr_par' dir='ltr' id='par_1_3' title="bbox 192 1371 1149 2154">
     <span class='ocr_line' id='line_1_8' title="bbox 244 1371 1149 1475; baseline 0.003 -30"><span class='ocrx_word' id='word_1_42' title='bbox 244 1373 325 1448; x_wconf 78' lang='lat'><strong>275.</strong></span> <span class='ocrx_word' id='word_1_43' title='bbox 344 1374 576 1447; x_wconf 62' lang='lat' dir='ltr'><strong>Dismaros</strong></span> <span class='ocrx_word' id='word_1_44' title='bbox 578 1425 730 1449; x_wconf 85' lang='grc'><strong>.......</strong></span> <span class='ocrx_word' id='word_1_45' title='bbox 744 1371 819 1446; x_wconf 77' lang='lat' dir='ltr'><strong>i-</strong></span> <span class='ocrx_word' id='word_1_46' title='bbox 837 1374 1005 1446; x_wconf 86' lang='lat' dir='ltr'><strong>Contexto</strong></span> <span class='ocrx_word' id='word_1_47' title='bbox 1023 1377 1149 1475; x_wconf 87' lang='lat' dir='ltr'><strong>caespi-</strong></span> 
     </span>
     <span class='ocr_line' id='line_1_9' title="bbox 194 1471 1146 1572; baseline 0.001 -31"><span class='ocrx_word' id='word_1_48' title='bbox 194 1473 341 1572; x_wconf 82' lang='lat' dir='ltr'><strong>pitosus3</strong></span> <span class='ocrx_word' id='word_1_49' title='bbox 367 1472 462 1545; x_wconf 86' lang='lat' dir='ltr'><strong>caule</strong></span> <span class='ocrx_word' id='word_1_50' title='bbox 487 1491 601 1545; x_wconf 86' lang='lat' dir='ltr'><strong>erecto</strong></span> <span class='ocrx_word' id='word_1_51' title='bbox 625 1471 689 1542; x_wconf 86' lang='lat' dir='ltr'><strong>sub</strong></span> <span class='ocrx_word' id='word_1_52' title='bbox 713 1475 809 1570; x_wconf 86' lang='lat' dir='ltr'><strong>apice</strong></span> <span class='ocrx_word' id='word_1_53' title='bbox 833 1471 1026 1544; x_wconf 87' lang='lat' dir='ltr'><strong>innovando</strong></span> <span class='ocrx_word' id='word_1_54' title='bbox 1050 1472 1146 1543; x_wconf 88' lang='lat' dir='ltr'><strong>elon-</strong></span> 
     </span>
     <span class='ocr_line' id='line_1_10' title="bbox 195 1566 1147 1666; baseline 0.002 -29"><span class='ocrx_word' id='word_1_55' title='bbox 195 1587 292 1665; x_wconf 80' lang='lat' dir='ltr'><strong>gate,</strong></span> <span class='ocrx_word' id='word_1_56' title='bbox 317 1567 530 1662; x_wconf 80' lang='lat' dir='ltr'><strong>dichotomo,</strong></span> <span class='ocrx_word' id='word_1_57' title='bbox 567 1566 701 1640; x_wconf 87' lang='lat' dir='ltr'><strong>inferne</strong></span> <span class='ocrx_word' id='word_1_58' title='bbox 738 1566 894 1638; x_wconf 88' lang='lat' dir='ltr'><strong>radiculis</strong></span> <span class='ocrx_word' id='word_1_59' title='bbox 931 1567 1147 1666; x_wconf 83' lang='lat' dir='ltr'><strong>longiusculis</strong></span> 
     </span>
     <span class='ocr_line' id='line_1_11' title="bbox 194 1664 1147 1764; baseline -0.003 -27"><span class='ocrx_word' id='word_1_60' title='bbox 194 1665 428 1738; x_wconf 86' lang='lat' dir='ltr'><strong>intrafoliaceis</strong></span> <span class='ocrx_word' id='word_1_61' title='bbox 452 1686 567 1760; x_wconf 82' lang='lat' dir='ltr'><strong>tecto,</strong></span> <span class='ocrx_word' id='word_1_62' title='bbox 591 1667 691 1736; x_wconf 87' lang='lat' dir='ltr'><strong>ramis</strong></span> <span class='ocrx_word' id='word_1_63' title='bbox 710 1664 1069 1764; x_wconf 82' lang='lat' dir='ltr'><strong>tereti-subtetragonis</strong></span> <span class='ocrx_word' id='word_1_64' title='bbox 1086 1664 1147 1737; x_wconf 88' lang='lat' dir='ltr'><strong>ob·</strong></span> 
     </span>
     <span class='ocr_line' id='line_1_12' title="bbox 194 1759 1147 1864; baseline 0 -32"><span class='ocrx_word' id='word_1_65' title='bbox 194 1765 275 1832; x_wconf 90' lang='lat' dir='ltr'><strong>tusis</strong></span> <span class='ocrx_word' id='word_1_66' title='bbox 293 1762 485 1860; x_wconf 80' lang='lat' dir='ltr'><strong>fastigiatis,</strong></span> <span class='ocrx_word' id='word_1_67' title='bbox 507 1762 593 1835; x_wconf 85' lang='lat' dir='ltr'><strong>foliis</strong></span> <span class='ocrx_word' id='word_1_68' title='bbox 616 1759 798 1832; x_wconf 83' lang='lat' dir='ltr'><strong>laxiuscuic</strong></span> <span class='ocrx_word' id='word_1_69' title='bbox 823 1762 1004 1834; x_wconf 85' lang='lat' dir='ltr'><strong>imbricatis</strong></span> <span class='ocrx_word' id='word_1_70' title='bbox 1027 1783 1147 1864; x_wconf 86' lang='lat' dir='ltr'><strong>paten-</strong></span> 
     </span>
     <span class='ocr_line' id='line_1_13' title="bbox 192 1857 1145 1953; baseline 0.001 -24"><span class='ocrx_word' id='word_1_71' title='bbox 192 1858 305 1953; x_wconf 80' lang='lat' dir='ltr'><strong>tibus,</strong></span> <span class='ocrx_word' id='word_1_72' title='bbox 324 1857 673 1951; x_wconf 82' lang='lat' dir='ltr'><strong>ovato-subrctundis,</strong></span> <span class='ocrx_word' id='word_1_73' title='bbox 691 1857 790 1929; x_wconf 88' lang='lat' dir='ltr'><strong>valde</strong></span> <span class='ocrx_word' id='word_1_74' title='bbox 805 1863 979 1953; x_wconf 80' lang='lat' dir='ltr'><strong>concavis,</strong></span> <span class='ocrx_word' id='word_1_75' title='bbox 990 1859 1145 1949; x_wconf 81' lang='lat' dir='ltr'><strong>obtusis,</strong></span> 
     </span>
     <span class='ocr_line' id='line_1_14' title="bbox 192 1954 1146 2054; baseline 0.001 -29"><span class='ocrx_word' id='word_1_76' title='bbox 192 1954 355 2053; x_wconf 84' lang='lat' dir='ltr'><strong>integris,</strong></span> <span class='ocrx_word' id='word_1_77' title='bbox 373 1982 479 2030; x_wconf 84' lang='lat' dir='ltr'><strong>nervo</strong></span> <span class='ocrx_word' id='word_1_78' title='bbox 499 1954 609 2029; x_wconf 85' lang='lat' dir='ltr'><strong>valido</strong></span> <span class='ocrx_word' id='word_1_79' title='bbox 632 1958 669 2026; x_wconf 90' lang='lat' dir='ltr'><strong>in</strong></span> <span class='ocrx_word' id='word_1_80' title='bbox 700 1956 810 2054; x_wconf 85' lang='lat' dir='ltr'><strong>pilum</strong></span> <span class='ocrx_word' id='word_1_81' title='bbox 836 1957 1146 2030; x_wconf 85' lang='lat' dir='ltr'><strong>subcancseentem</strong></span> 
     </span>
     <span class='ocr_line' id='line_1_15' title="bbox 192 2049 1110 2154; baseline 0.005 -32"><span class='ocrx_word' id='word_1_82' title='bbox 192 2049 383 2125; x_wconf 81' lang='lat' dir='ltr'><strong>flexuosum</strong></span> <span class='ocrx_word' id='word_1_83' title='bbox 431 2051 601 2145; x_wconf 81' lang='lat' dir='ltr'><strong>reducto,</strong></span> <span class='ocrx_word' id='word_1_84' title='bbox 625 2054 774 2124; x_wconf 84' lang='lat' dir='ltr'><strong>siccitate</strong></span> <span class='ocrx_word' id='word_1_85' title='bbox 799 2057 964 2154; x_wconf 85' lang='lat' dir='ltr'><strong>appressis</strong></span> <span class='ocrx_word' id='word_1_86' title='bbox 966 2107 1110 2128; x_wconf 89' lang='grc'><strong>........</strong></span> 
     </span>
    </p>

    <p class='ocr_par' dir='ltr' id='par_1_4' title="bbox 188 2080 1144 2513">
     <span class='ocr_line' id='line_1_16' title="bbox 243 2080 1144 2315; baseline 0.003 -94"><span class='ocrx_word' id='word_1_87' title='bbox 243 2080 477 2315; x_wconf 52' lang='lat' dir='ltr'><strong>lpermptodon</strong></span> <span class='ocrx_word' id='word_1_88' title='bbox 510 2149 671 2222; x_wconf 78' lang='lat' dir='ltr'><strong>Funclcit‘</strong></span> <span class='ocrx_word' id='word_1_89' title='bbox 700 2147 840 2223; x_wconf 71' lang='lat' dir='ltr'><strong>Hriben.</strong></span> <span class='ocrx_word' id='word_1_90' title='bbox 876 2151 995 2226; x_wconf 75' lang='lat' dir='ltr'><strong>Maso.</strong></span> <span class='ocrx_word' id='word_1_91' title='bbox 1030 2175 1144 2248; x_wconf 76' lang='lat' dir='ltr'><strong>germ.</strong></span> 
     </span>
     <span class='ocr_line' id='line_1_17' title="bbox 188 2265 1144 2446; baseline 0.008 -36"><span class='ocrx_word' id='word_1_92' title='bbox 188 2265 284 2412; x_wconf 64' lang='lat' dir='ltr'><strong>Ph</strong></span> <span class='ocrx_word' id='word_1_93' title='bbox 307 2341 477 2417; x_wconf 88' lang='lat' dir='ltr'><strong>montibus</strong></span> <span class='ocrx_word' id='word_1_94' title='bbox 501 2369 604 2446; x_wconf 86' lang='lat' dir='ltr'><strong>supra</strong></span> <span class='ocrx_word' id='word_1_95' title='bbox 627 2342 722 2417; x_wconf 88' lang='lat' dir='ltr'><strong>Erba</strong></span> <span class='ocrx_word' id='word_1_96' title='bbox 746 2346 782 2418; x_wconf 89' lang='lat' dir='ltr'><strong>in</strong></span> <span class='ocrx_word' id='word_1_97' title='bbox 806 2371 886 2444; x_wconf 83' lang='lat' dir='ltr'><strong>agro</strong></span> <span class='ocrx_word' id='word_1_98' title='bbox 910 2343 1071 2418; x_wconf 89' lang='lat' dir='ltr'><strong>Comensi</strong></span> <span class='ocrx_word' id='word_1_99' title='bbox 1099 2342 1144 2419; x_wconf 86' lang='lat' dir='ltr'><strong>ad</strong></span> 
     </span>
     <span class='ocr_line' id='line_1_18' title="bbox 192 2439 498 2513; baseline 0.01 -3"><span class='ocrx_word' id='word_1_100' title='bbox 192 2458 329 2511; x_wconf 87' lang='lat' dir='ltr'><strong>terram.</strong></span> <span class='ocrx_word' id='word_1_101' title='bbox 358 2439 498 2513; x_wconf 80' lang='lat' dir='ltr'><strong>DNtrS.</strong></span> 
     </span>
    </p>

    <p class='ocr_par' dir='ltr' id='par_1_5' title="bbox 191 2537 1145 2923">
     <span class='ocr_line' id='line_1_19' title="bbox 213 2537 1145 2637; baseline 0.006 -30"><span class='ocrx_word' id='word_1_102' title='bbox 213 2537 415 2636; x_wconf 81' lang='lat' dir='ltr'><strong>&#39;Caespites</strong></span> <span class='ocrx_word' id='word_1_103' title='bbox 439 2539 576 2609; x_wconf 88' lang='lat' dir='ltr'><strong>centim.</strong></span> <span class='ocrx_word' id='word_1_104' title='bbox 604 2537 620 2610; x_wconf 82' lang='lat' dir='ltr'><strong>i</strong></span> <span class='ocrx_word' id='word_1_105' title='bbox 649 2539 807 2637; x_wconf 63' lang='lat' dir='ltr'><strong>{longit</strong></span> <span class='ocrx_word' id='word_1_106' title='bbox 837 2539 1015 2637; x_wconf 82' lang='lat' dir='ltr'><strong>attingunt.</strong></span> <span class='ocrx_word' id='word_1_107' title='bbox 1048 2537 1145 2613; x_wconf 85' lang='lat' dir='ltr'><strong>Folia</strong></span> 
     </span>
     <span class='ocr_line' id='line_1_20' title="bbox 192 2631 1142 2736; baseline 0.007 -34"><span class='ocrx_word' id='word_1_108' title='bbox 192 2631 351 2706; x_wconf 75' lang='lat' dir='ltr'><strong>inieriora</strong></span> <span class='ocrx_word' id='word_1_109' title='bbox 370 2633 649 2730; x_wconf 85' lang='lat' dir='ltr'><strong>rufo-ferruginea</strong></span> <span class='ocrx_word' id='word_1_110' title='bbox 659 2692 669 2726; x_wconf 89' lang='lat'>,</span> <span class='ocrx_word' id='word_1_111' title='bbox 689 2663 846 2736; x_wconf 86' lang='lat' dir='ltr'><strong>suprema</strong></span> <span class='ocrx_word' id='word_1_112' title='bbox 864 2662 1035 2709; x_wconf 85' lang='lat' dir='ltr'><strong>ramorum</strong></span> <span class='ocrx_word' id='word_1_113' title='bbox 1054 2635 1142 2709; x_wconf 85' lang='lat' dir='ltr'><strong>laete</strong></span> 
     </span>
     <span class='ocr_line' id='line_1_21' title="bbox 191 2730 1144 2834; baseline 0.004 -33"><span class='ocrx_word' id='word_1_114' title='bbox 191 2730 335 2821; x_wconf 84' lang='lat' dir='ltr'><strong>viridia,</strong></span> <span class='ocrx_word' id='word_1_115' title='bbox 360 2731 525 2824; x_wconf 85' lang='lat' dir='ltr'><strong>nitidula,</strong></span> <span class='ocrx_word' id='word_1_116' title='bbox 549 2732 622 2804; x_wconf 81' lang='lat' dir='ltr'><strong>laxe</strong></span> <span class='ocrx_word' id='word_1_117' title='bbox 646 2734 976 2831; x_wconf 70' lang='lat' dir='ltr'><strong>oblongo-areolam,</strong></span> <span class='ocrx_word' id='word_1_118' title='bbox 1000 2732 1144 2834; x_wconf 60' lang='lat' dir='ltr'><strong>diaphae</strong></span> 
     </span>
     <span class='ocr_line' id='line_1_22' title="bbox 195 2842 1088 2923; baseline 0.003 -27"><span class='ocrx_word' id='word_1_119' title='bbox 195 2852 265 2917; x_wconf 88' lang='lat' dir='ltr'><strong>na,</strong></span> <span class='ocrx_word' id='word_1_120' title='bbox 290 2842 418 2900; x_wconf 78' lang='lat' dir='ltr'><strong>tenera.</strong></span> <span class='ocrx_word' id='word_1_121' title='bbox 514 2918 517 2923; x_wconf 18' lang='grc' dir='ltr'>ι</span> <span class='ocrx_word' id='word_1_122' title='bbox 556 2860 559 2867; x_wconf 52' lang='lat'>&lt;</span> <span class='ocrx_word' id='word_1_123' title='bbox 1085 2858 1088 2865; x_wconf 92' lang='lat'>·</span> 
     </span>
    </p>

    <p class='ocr_par' dir='ltr' id='par_1_6' title="bbox 192 2921 1142 3318">
     <span class='ocr_line' id='line_1_23' title="bbox 195 2921 1142 3021; baseline 0.005 -28"><span class='ocrx_word' id='word_1_124' title='bbox 195 2939 200 2946; x_wconf 87' lang='grc'>·</span> <span class='ocrx_word' id='word_1_125' title='bbox 242 2924 383 2996; x_wconf 86' lang='lat' dir='ltr'><strong>Plantae</strong></span> <span class='ocrx_word' id='word_1_126' title='bbox 396 2946 545 3019; x_wconf 81' lang='lat' dir='ltr'><strong>nostrae,</strong></span> <span class='ocrx_word' id='word_1_127' title='bbox 562 2924 803 2998; x_wconf 77' lang='lat' dir='ltr'><strong>finctiiicantcs</strong></span> <span class='ocrx_word' id='word_1_128' title='bbox 822 2921 935 2998; x_wconf 88' lang='lat' dir='ltr'><strong>adhuc</strong></span> <span class='ocrx_word' id='word_1_129' title='bbox 950 2952 1022 2998; x_wconf 90' lang='lat' dir='ltr'><strong>non</strong></span> <span class='ocrx_word' id='word_1_130' title='bbox 1040 2926 1142 3021; x_wconf 80' lang='lat' dir='ltr'><strong>visae,</strong></span> 
     </span>
     <span class='ocr_line' id='line_1_24' title="bbox 194 3020 1142 3122; baseline 0.003 -34"><span class='ocrx_word' id='word_1_131' title='bbox 194 3042 274 3090; x_wconf 89' lang='lat' dir='ltr'><strong>cum</strong></span> <span class='ocrx_word' id='word_1_132' title='bbox 298 3020 525 3122; x_wconf 82' lang='lat' dir='ltr'><strong>descriptione</strong></span> <span class='ocrx_word' id='word_1_133' title='bbox 548 3021 758 3094; x_wconf 72' lang='lat' dir='ltr'><strong>Brtdetiana</strong></span> <span class='ocrx_word' id='word_1_134' title='bbox 781 3021 1037 3095; x_wconf 85' lang='lat' dir='ltr'><strong>Coscinodontis</strong></span> <span class='ocrx_word' id='word_1_135' title='bbox 1064 3021 1142 3119; x_wconf 90' lang='lat' dir='ltr'><strong>pili·</strong></span> 
     </span>
     <span class='ocr_line' id='line_1_25' title="bbox 192 3113 1141 3286; baseline 0.004 -101"><span class='ocrx_word' id='word_1_136' title='bbox 192 3113 258 3187; x_wconf 86' lang='lat' dir='ltr'><strong>seri</strong></span> <span class='ocrx_word' id='word_1_137' title='bbox 281 3119 437 3286; x_wconf 54' lang='lat' dir='ltr'><strong>SBryol.</strong></span> <span class='ocrx_word' id='word_1_138' title='bbox 463 3123 555 3191; x_wconf 76' lang='lat' dir='ltr'><strong>univ.</strong></span> <span class='ocrx_word' id='word_1_139' title='bbox 578 3118 608 3191; x_wconf 83' lang='lat' dir='ltr'><strong>i.</strong></span> <span class='ocrx_word' id='word_1_140' title='bbox 622 3142 661 3216; x_wconf 83' lang='lat' dir='ltr'><strong>p.</strong></span> <span class='ocrx_word' id='word_1_141' title='bbox 680 3117 761 3191; x_wconf 73' lang='lat'><strong>810.</strong></span> <span class='ocrx_word' id='word_1_142' title='bbox 777 3117 792 3214; x_wconf 88' lang='lat'>)</span> <span class='ocrx_word' id='word_1_143' title='bbox 811 3118 902 3191; x_wconf 84' lang='lat' dir='ltr'><strong>bene</strong></span> <span class='ocrx_word' id='word_1_144' title='bbox 920 3121 1141 3210; x_wconf 87' lang='lat' dir='ltr'><strong>conveniunt,</strong></span> 
     </span>
     <span class='ocr_line' id='line_1_26' title="bbox 193 3214 1142 3318; baseline 0.001 -33"><span class='ocrx_word' id='word_1_145' title='bbox 193 3230 281 3311; x_wconf 78' lang='lat' dir='ltr'><strong>quoa</strong></span> <span class='ocrx_word' id='word_1_146' title='bbox 328 3216 474 3287; x_wconf 86' lang='lat' dir='ltr'><strong>formam</strong></span> <span class='ocrx_word' id='word_1_147' title='bbox 496 3242 666 3287; x_wconf 87' lang='lat' dir='ltr'><strong>ramorum</strong></span> <span class='ocrx_word' id='word_1_148' title='bbox 677 3271 688 3309; x_wconf 91' lang='lat'><em>,</em></span> <span class='ocrx_word' id='word_1_149' title='bbox 711 3215 956 3318; x_wconf 80' lang='lat' dir='ltr'><strong>foliorumquc3</strong></span> <span class='ocrx_word' id='word_1_150' title='bbox 973 3214 1142 3288; x_wconf 85' lang='lat' dir='ltr'><strong>recedunt</strong></span> 
     </span>
    </p>
   </div>
   <div class='ocr_carea' id='block_1_3' title="bbox 157 3311 1142 3701">
    <p class='ocr_par' dir='ltr' id='par_1_7' title="bbox 157 3311 1142 3701">
     <span class='ocr_line' id='line_1_27' title="bbox 192 3311 1142 3414; baseline 0.003 -33"><span class='ocrx_word' id='word_1_151' title='bbox 192 3326 310 3383; x_wconf 86' lang='lat' dir='ltr'><strong>tamen</strong></span> <span class='ocrx_word' id='word_1_152' title='bbox 333 3313 544 3411; x_wconf 84' lang='lat' dir='ltr'><strong>longitudine</strong></span> <span class='ocrx_word' id='word_1_153' title='bbox 576 3311 748 3406; x_wconf 81' lang='lat' dir='ltr'><strong>caulium,</strong></span> <span class='ocrx_word' id='word_1_154' title='bbox 783 3311 876 3414; x_wconf 90' lang='lat' dir='ltr'><strong>quod</strong></span> <span class='ocrx_word' id='word_1_155' title='bbox 910 3340 993 3385; x_wconf 85' lang='lat' dir='ltr'><strong>vero</strong></span> <span class='ocrx_word' id='word_1_156' title='bbox 1030 3315 1142 3385; x_wconf 83' lang='lat' dir='ltr'><strong>enasci</strong></span> 
     </span>
     <span class='ocr_line' id='line_1_28' title="bbox 192 3409 1142 3574; baseline 0.001 -96"><span class='ocrx_word' id='word_1_157' title='bbox 192 3424 306 3574; x_wconf 77' lang='lat' dir='ltr'><strong>potest</strong></span> <span class='ocrx_word' id='word_1_158' title='bbox 328 3412 371 3483; x_wconf 82' lang='lat' dir='ltr'><strong>ab</strong></span> <span class='ocrx_word' id='word_1_159' title='bbox 395 3413 474 3511; x_wconf 89' lang='lat' dir='ltr'><strong>ipsis</strong></span> <span class='ocrx_word' id='word_1_160' title='bbox 506 3413 764 3484; x_wconf 81' lang='lat' dir='ltr'><strong>circumstantiis</strong></span> <span class='ocrx_word' id='word_1_161' title='bbox 799 3436 885 3511; x_wconf 87' lang='lat' dir='ltr'><strong>quae</strong></span> <span class='ocrx_word' id='word_1_162' title='bbox 921 3435 978 3485; x_wconf 87' lang='lat' dir='ltr'><strong>eas</strong></span> <span class='ocrx_word' id='word_1_163' title='bbox 1012 3409 1142 3482; x_wconf 85' lang='lat' dir='ltr'><strong>steriles</strong></span> 
     </span>
     <span class='ocr_line' id='line_1_29' title="bbox 207 3506 1139 3609; baseline 0.005 -35"><span class='ocrx_word' id='word_1_164' title='bbox 207 3509 331 3579; x_wconf 87' lang='lat' dir='ltr'><strong>aciunt.</strong></span> <span class='ocrx_word' id='word_1_165' title='bbox 358 3507 425 3579; x_wconf 89' lang='lat' dir='ltr'><strong>Hic</strong></span> <span class='ocrx_word' id='word_1_166' title='bbox 448 3518 649 3581; x_wconf 87' lang='lat' dir='ltr'><strong>recensetur</strong></span> <span class='ocrx_word' id='word_1_167' title='bbox 669 3529 709 3581; x_wconf 86' lang='lat' dir='ltr'><strong>ut</strong></span> <span class='ocrx_word' id='word_1_168' title='bbox 731 3510 908 3582; x_wconf 83' lang='lat' dir='ltr'><strong>attentioni</strong></span> <span class='ocrx_word' id='word_1_169' title='bbox 935 3506 1139 3609; x_wconf 56' lang='lat' dir='ltr'><strong>Bryologoi</strong></span> 
     </span>
     <span class='ocr_line' id='line_1_30' title="bbox 157 3605 895 3701; baseline 0.014 -29"><span class='ocrx_word' id='word_1_170' title='bbox 157 3692 160 3701; x_wconf 12' lang='grc' dir='ltr'>Κ</span> <span class='ocrx_word' id='word_1_171' title='bbox 191 3612 275 3674; x_wconf 84' lang='lat' dir='ltr'><strong>rum</strong></span> <span class='ocrx_word' id='word_1_172' title='bbox 298 3630 396 3678; x_wconf 87' lang='lat' dir='ltr'><strong>sese</strong></span> <span class='ocrx_word' id='word_1_173' title='bbox 420 3605 647 3682; x_wconf 79' lang='lat' dir='ltr'><strong>commendet·</strong></span> <span class='ocrx_word' id='word_1_174' title='bbox 690 3632 692 3641; x_wconf 84' lang='grc'><strong>’</strong></span> <span class='ocrx_word' id='word_1_175' title='bbox 727 3634 732 3643; x_wconf 92' lang='grc'><strong><em>·</em></strong></span> <span class='ocrx_word' id='word_1_176' title='bbox 892 3634 895 3641; x_wconf 93' lang='grc'><strong><em>·</em></strong></span> 
     </span>
    </p>
   </div>
   <div class='ocr_carea' id='block_1_4' title="bbox 0 0 1438 4750">
    <p class='ocr_par' dir='ltr' id='par_1_8' title="bbox 0 0 1438 4750">
     <span class='ocr_line' id='line_1_31' title="bbox 0 0 1438 4750; baseline 0 1"><span class='ocrx_word' id='word_1_177' title='bbox 0 0 1438 4750; x_wconf 95' lang='lat' dir='ltr'><strong> </strong></span> 
     </span>
    </p>
   </div>
  </div>
 </body>
</html>
