2867 4750
365 566 469 636 Bols.
492 576 528 635 et
551 560 679 636 DNtrs
696 560 831 636 Prodr.
962 561 1177 665 .mediol.p.
1192 564 1273 643 188.

310 661 436 735 tMoris
460 661 518 732 El.
544 657 578 732 3.
596 684 636 759 p.
664 658 740 732 16.ι
765 659 853 732 Lisa
905 661 935 732 '.
954 686 994 760 p.
1023 657 1101 733 lb*
1264 716 1269 721 .

366 755 693 854 Mortg.et1l'estl.
717 782 754 829 n.
778 754 861 829 802.

365 852 409 925 In
432 857 564 953 pascuis
587 853 687 925 aridis
710 874 746 926 et
820 858 827 870 '
859 850 976 923 Iialioe
989 856 1176 953 superioris
1190 853 1275 930 hinc

317 949 399 1063 inde
422 950 485 1066 sed
507 977 611 1050 parce
625 1005 647 1063 ,ι
662 954 697 1021 in
715 880 871 1063 διῇξε
889 949 1158 1046 vulgarissimum
1177 978 1276 1053 prae-

317 1067 435 1121 serum
459 1075 494 1119 tn
517 1073 667 1119 arenosis
689 1068 866 1120 maritimrs
889 1073 922 1120 v.
947 1072 979 1121 v.

364 1138 404 1230 β.
428 1146 607 1243 piligernm
619 1199 631 1237 ,
655 1147 769 1216 minus
781 1201 793 1237 ‚
816 1141 902 1215 foliis
932 1145 1038 1215 ovatis
1061 1142 1163 1217 valde
1187 1173 1273 1218 con·

316 1246 408 1314 cavis
431 1244 624 1341 oppressis,
648 1242 935 1330 conniventibus,
964 1240 1139 1340 capsulam
1172 1243 1274 1342 paul·
1417 1292 1418 1359 3

314 1335 423 1411 lulum
447 1337 712 1430 excedentibus,
730 1341 864 1437 apicem
879 1340 917 1411 in
940 1338 1120 1438 cuspidem
1135 1339 1274 1438 longum

315 1435 521 1534 piliformem
544 1435 730 1535 productis.
903 1470 911 1487 ·
1240 1490 1266 1521 ,.

363 1531 407 1605 In
512 1537 562 1608 uis
585 1535 734 1604 arenosis
756 1533 847 1604 eirea
880 1530 1046 1626 Cagla‘art'
1063 1535 1099 1605 in
1117 1531 1272 1607 Sardinia

314 1655 376 1701 aus
442 1630 614 1703 ’Μῖνι
924 1666 932 1685 ·

362 1748 398 1819 y.
423 1731 626 1817 minimum,
648 1724 735 1796 foliis
758 1726 934 1821 insigniter
951 1726 1106 1799 carinatis
1127 1722 1195 1797 late
1228 1752 1269 1796 o·

315 1830 400 1896 vatis
412 1881 425 1918 ,
449 1851 492 1896 ex
514 1827 610 1923 apice
635 1823 756 1894 obtuso
788 1821 971 1922 cuspidatis
983 1876 996 1915 ,
1032 1821 1171 1922 cuspide
1204 1849 1268 1922 pa·

314 1939 430 2012 iente,
454 1921 627 2020 'capullum
650 1925 705 1994 vix
728 1919 978 2020 superantibus.

359 2017 532 2091 Phascum
554 2020 722 2093 muricum
745 2020 867 2090 minus.
893 2014 1011 2088 Hoolr.
1036 2031 1072 2087 et
1101 2017 1155 2088 To
1182 2020 1207 2088 l.

359 2114 531 2187 Phascum
580 2114 768 2211 globosum.
816 2110 996 2192 Seblet'clt,
1044 2114 1147 2185 Brute
1175 2168 1184 2186 .
1235 2128 1270 2186 et

312 2211 470 2310 Seliimp.
494 2209 628 2283 Pbosc.
647 2238 686 2312 p.
711 2213 745 2283 8.
769 2208 840 2283 tab.
867 2209 899 2282 2.
910 2210 982 2315 fig.
1017 2208 1074 2293 ld
1101 2208 1155 2284 17.
1182 2237 1268 2313 quae
1296 2268 1301 2279 ,

311 2308 468 2410 perbelle
493 2307 644 2408 plantam
668 2306 824 2382 sardoam
846 2305 963 2381 refert.

360 2406 403 2478 In
486 2409 559 2479 cuis
580 2409 754 2480 maritimis
779 2409 868 2479 circa
887 2407 1069 2504 Cagtnri,
1088 2404 1190 2505 vulgo
1207 2408 1266 2480 iu·

309 2509 367 2578 ier
391 2433 590 2580 Szdidornios
613 2503 753 2575 Divos.
1246 2559 1249 2568 ,

360 2599 391 2674 F
392 2601 458 2676 otia
480 2604 516 2674 in
541 2601 699 2671 omnibus
720 2599 939 2673 varietatibus
961 2601 1094 2694 integra
1116 2598 1173 2674 vel
1196 2627 1266 2671 ma·

309 2698 360 2791 gis
384 2702 538 2772 minusve
562 2697 754 2770 luculenter
779 2696 995 2769 denticulata.
1014 2695 1185 2768 Posterior
1210 2715 1273 2768 va·'

309 2793 412 2866 rictas
436 2795 567 2872 Phoco
590 2793 783 2868 Florkeonb
806 2798 861 2868 vix
885 2795 992 2892 major
1011 2814 1084 2885 est,
1103 2815 1205 2895 atque
1219 2794 1264 2865 ob

308 2886 510 2965 brevitatem
533 2892 711 2984 foliorum,
736 2918 803 2993 quo
827 2891 867 2962 fit
902 2911 942 2961 ut
977 2892 1114 2989 capsula
1148 2891 1264 2990 planta

296 2985 468 3060 madente
492 3010 632 3088 pateat,
657 2993 689 3061 ei
713 3016 733 3062 c
758 2990 942 3087 longinquo
965 2986 1117 3079 accedit,
1135 2987 1264 3059 astfor-
1279 3057 1293 3084 ,Δ

307 3106 365 3166 ma
375 3139 387 3173 ‚
402 3106 542 3158 textura
552 3142 564 3177 ,
582 3084 722 3170 directio
740 3085 897 3160 soliorum
917 3088 1082 3182 originem
1098 3085 1261 3157 indicann

355 3179 493 3254 Nomen
519 3186 563 3256 V
556 3188 631 3255 oitzt·
653 3182 698 3255 ab
723 3184 879 3255 omnibus
902 3183 1070 3281 rejectum
1093 3180 1261 3276 adhibui,

306 3295 426 3376 utpote
449 3282 554 3376 magis
581 3307 791 3373 consonum,
815 3282 957 3354 varietas
982 3283 1074 3355 enim
1106 3307 1184 3355 mea
1219 3272 1258 3367 β.

307 3398 388 3451 cum
410 3379 549 3449 nomine
572 3376 837 3457 Scltrebert'ano
858 3380 958 3449 nimis
980 3399 1159 3476 repugnet.

355 3565 436 3644 398.
460 3569 625 3645 Pnascuu
649 3594 888 3648 canutontcuu.
902 3570 1003 3652 Wun,
1015 3595 1059 3645 cr
1071 3571 1192 3646 Moron.
1209 3615 1260 3629 —

302 3660 531 3835 (f'regarium3
555 3670 650 3744 caule
680 3670 899 3766 brevissimo,
922 3690 1067 3764 erecto,
1091 3671 1259 3771 simplici;

320 3757 391 3832 obis
409 3764 621 3862 inferioribus
636 3773 768 3869 parvis,
788 3768 960 3866 oblongis,
977 3768 1188 3868 patentibus,
1204 3795 1261 3844 su-
