2867 4750
294 640 409 714 germ.
429 638 469 713 p.
496 610 574 704 142.
598 609 728 684 DNtrs
752 610 868 684 Murra
891 634 928 683 n.
956 607 1015 683 62.
1055 608 1249 713 Garmagt

297 725 366 783 cat.
387 736 424 810 p.
449 708 484 781 6.
508 709 632 781 Pollio
655 709 718 780 Fr.
742 732 869 780 veron
894 705 927 779 3.
947 731 986 806 p.
1011 706 1115 779 310*

300 867 304 876 .
343 806 489 879 erclt.
512 804 662 877 Samml.
686 830 723 876 n.
749 803 830 877 312.
1182 867 1184 870 .

345 901 403 974 Ad
425 928 502 974 saxa
525 905 562 972 in
584 901 678 973 fossis
700 902 795 972 urbis
816 899 976 972 Veronae
994 898 1169 997 vulgarem
1182 901 1250 1001 legi

297 1028 318 1073 a
343 999 396 1072 rili
422 996 524 1090 1834.
550 1018 585 1069 et
608 997 653 1068 ad
670 1023 774 1096 mpes
796 996 962 1069 calcareas
985 998 1022 1068 iu
1047 998 1188 1068 collibus
1205 999 1251 1072 ad

335 1096 511 1170 erbanum.
545 1095 561 1193 (
573 1097 610 1165 in
633 1120 713 1191 agro
737 1094 900 1167 Comensi
921 1093 1003 1166 locis
1020 1094 1251 1168 consimilibus

299 1219 342 1266 ex
365 1192 407 1266 cl
435 1191 651 1287 Garovuglio
665 1191 693 1288 ).

347 1382 429 1458 307.
453 1383 612 1457 Weissu
633 1403 821 1456 rmsrtcut.
844 1382 944 1455 Brun.
973 1423 1023 1436 -
1053 1383 1251 1479 Montagne

299 1481 418 1556 Nouo.
443 1485 480 1552 in
502 1478 604 1552 arch.
629 1480 673 1552 de
697 1481 827 1552 Boron.
854 1479 886 1554 1.
905 1505 945 1581 p.
971 1476 1075 1553 213*
1098 1480 1198 1554 Bals.
1216 1494 1252 1552 et

281 1578 429 1652 ‘DNtrs
447 1581 578 1677 pugill.
602 1603 638 1650 n.
666 1576 721 1650 l5.

300 1677 391 1749 Mou
419 1730 428 1746 .
452 1688 488 1745 et
510 1673 625 1745 NestI.
649 1681 685 1745 η’.
709 1671 792 1745 908.

1244 1773 1253 1794 ⁵.

348 1772 380 1842 A
428 1795 531 1938 rupes
560 1770 728 1842 calcareas
758 1767 937 1840 fornicatas
971 1773 1009 1842 in
1043 1768 1186 1842 collibus
1213 1768 1252 1840 dt

295 1869 467 1941 ,Amana
516 1864 719 1937 Verbanum
741 1863 891 1958 DNUS,
914 1868 952 1939 in
974 1868 1145 1938 montibus
1169 1893 1249 1978 pro·
1316 1901 1320 1908 >

300 1965 429 2036 vinciae
463 1963 701 2060 Bergomensis
738 1961 852 2055 Belli,
887 1963 926 2033 in
961 1984 1079 2036 moute
1115 1962 1252 2034 Cenisio

197 2115 202 2123 .
299 2058 507 2154 Huguent’n.

346 2157 466 2227 Differt
490 2182 509 2226 a
532 2151 762 2253 praecedente
780 2153 932 2225 caulibus
947 2154 1142 2228 innovando
1160 2154 1253 2228 elon·

298 2254 402 2417 fiatis,
428 2273 605 2350 compacte
638 2253 855 2349 caespitosis,
886 2250 972 2322 soliis
1003 2252 1172 2326 tristichis.
1204 2293 1254 2305 -

326 2368 399 2421 etae
424 2346 445 2420 3
471 2348 553 2420 mill.
578 2347 668 2444 long.
694 2366 901 2451 aequantes,
926 2350 1058 2449 saepius
1081 2352 1170 2423 intra
1196 2375 1251 2421 ra·

297 2470 372 2516 mos
396 2443 546 2518 novellos
571 2471 612 2516 ex
635 2448 767 2539 integro
790 2443 932 2516 latitant.

346 2540 485 2613 Collatis
502 2539 744 2642 speciminibus
762 2541 995 2639 compluribus
1014 2541 1156 2640 hujusce
1178 2568 1253 2642 spe·

299 2639 383 2729 ciei,
407 2638 477 2710 vidi
500 2642 608 2736 ipsam
631 2640 760 2708 variare
778 2636 864 2709 foliis
905 2637 958 2709 lus
976 2642 1132 2712 minusve
1149 2666 1252 2736 angu-

297 2737 355 2803 stis
367 2761 381 2824 3·
403 2759 505 2835 porro
537 2731 630 2832 quod
661 2737 835 2832 superiora
882 2734 945 2805 olia
969 2760 1076 2807 nervo
1112 2761 1253 2835 prorsus

297 2827 457 2901 destituta
481 2829 649 2933 adparent
671 2851 710 2900 ut
732 2835 771 2903 iu
796 2830 940 2929 pusilla,
961 2829 1123 2930 denique
1159 2831 1253 2932 quod

297 2951 399 2998 omne
423 2925 606 2998 discrimen
629 2928 719 2998 inter
742 2927 804 2999 has
828 2930 957 3025 species
980 2932 1016 2999 in
1040 2928 1252 3027 longitudine

284 3023 446 3094 caulium
470 3044 506 3095 et
528 3022 687 3096 foliorum
711 3022 927 3124 dispositione
940 3027 1097 3125 ponitur.
1125 3018 1129 3029 ’

346 3213 428 3287 308.
455 3214 844 3291 Wn1ss1anncuavtru
870 3215 967 3291 Bato.
993 3259 1042 3275 -
1070 3216 1185 3290 Meda.
1217 3230 1251 3288 et

284 3309 423 3408 Bryol.
453 3310 484 3382 1.
504 3337 545 3410 p.
570 3310 650 3385 352.
675 3313 816 3387 Haben.
841 3313 960 3387 Musc.
977 3339 1092 3410 germ.
1107 3340 1147 3413 p.
1169 3313 1249 3403 141.

296 3406 396 3479 Bals.
421 3420 456 3478 et
480 3408 608 3480 DNtrs
632 3409 765 3482 Prodr.
791 3412 918 3507 Bryol.
942 3411 1083 3485 mediol.
1102 3437 1143 3511 p.
1171 3408 1250 3502 140.

296 3501 488 3599 Garocagl.
512 3518 581 3576 cut.
601 3529 640 3603 ρ.
666 3506 717 3579 5.*

295 3690 316 3765 3
342 3599 510 3735 Grimmpa
532 3622 721 3674 recurvata.
745 3576 876 3680 Hedo.
898 3644 947 3664 --
970 3604 1054 3681 Savt'
1070 3604 1163 3682 ‚Boe
1185 3580 1274 3692 ena,

319 3696 470 3889 diod}
494 3802 543 3864 et‘
558 3792 683 3869 Nestl.·
698 3822 734 3869 n.
761 3794 841 3874 713.
