2867 4750
343 484 539 685 {dirupti
560 578 699 695 pumila.
722 575 854 653 DNtrs
874 582 989 680 spica.
1007 605 1048 682 ρ.
1076 577 1133 655 ll.
1183 621 1185 626 ·

192 716 195 731 ·
346 681 537 783 Encalypta
557 677 698 779 prlrlera.
722 677 762 749 F
759 675 867 750 unck.
890 702 942 750 ex
958 676 1154 776 Grttttot’ttgl.¹
1174 692 1250 755 cat.
1400 780 1405 792 p

274 816 277 825 ,
393 779 414 818 ἃ

293 805 334 879 Ρ.
347 780 536 974 lilnoelypta
552 892 644 970 stt-ep
764 867 905 942 astate
923 870 1253 950 etDNtrsProdr.·

299 973 429 1070 Bryol.
454 969 594 1042 mediol.
613 993 653 1067 p.
681 966 725 1060 ld
750 1021 759 1039 .
783 991 857 1039 non
879 966 1010 1046 Hedw.

347 1069 535 1164 Moug.‘=ct
557 1065 673 1138 Nestl.
696 1089 732 1136 n.
760 1061 839 1137 ll7.

346 1164 404 1237 Ad
427 1158 544 1235 muros
566 1182 738 1253 vetustos,
761 1186 891 1260 rupes,
913 1164 1046 1235 viarum
1067 1164 1251 1276 margines,
1369 1163 1375 1168 ’

297 1262 335 1333 in
357 1263 489 1361 pascuis
511 1259 678 1331 sterilibus
701 1260 738 1328 in
766 1262 860 1329 omni
884 1256 979 1331 ltalia
1013 1276 1049 1329 et
1072 1261 1110 1330 in
1131 1252 1252 1330 insulas

298 1357 373 1455 ejus
386 1413 398 1451 ,
413 1375 497 1429 'turn
520 1360 556 1428 in
578 1354 740 1455 planitie,
763 1381 846 1427 cum
868 1357 905 1427 in
928 1353 1130 1429 collibuset
1151 1374 1251 1429 mon·
1331 1408 1335 1417 «

301 1454 393 1526 tibus
416 1452 614 1525 editioribus
637 1477 670 1524 v.
695 1479 728 1524 v.

346 1550 546 1643 Peristomio
569 1550 708 1620 omnino
733 1568 826 1620 caret
861 1546 948 1620 haec
976 1551 1107 1647 species
1130 1567 1252 1622 contra

299 1644 504 1720 tententiarn
517 1645 731 1718 celeberrimi
744 1643 906 1718 Hooltert'
918 1699 929 1736 ,
947 1667 1121 1716 caeterum
1134 1646 1253 1745 planta

301 1769 436 1816 stonmo
482 1769 519 1816 re
542 1744 605 1814 sibi
627 1739 793 1814 abludens
817 1761 967 1832 statura,
991 1740 1077 1814 foliis
1088 1741 1166 1840 plus
1183 1745 1252 1813 mi·

303 1865 412 1914 nusve
448 1844 532 1933 atis,
556 1841 693 1936 integris
716 1860 776 1911 aut
803 1836 1036 1928 denticulatis,
1059 1841 1186 1930 acutis,
1210 1864 1251 1910 e·

300 1940 451 2037 tiamque
474 1940 570 2036 apice
593 1939 629 2007 in
652 1935 761 2035 pilum
783 1937 925 2007 brevem
948 1933 1156 2033 diaphanum
1173 1960 1253 2034 pro-

301 2031 433 2125 ductis,
469 2032 526 2106 vel
560 2034 708 2125 obtusis,
741 2031 929 2105 rotundatis
966 2031 1252 2124 ev'anidinerviis‚

301 2131 439 2229 capsula
462 2131 607 2226 oblongo
632 2127 841 2229 cylindrica,
865 2149 924 2200 aut
954 2128 1166 2233 cylindrica‚
1191 2154 1251 2200 su-

301 2226 407 2300 binde
431 2228 502 2298 basi
525 2225 742 2317 umbilicata,
766 2225 916 2328 calyptra
939 2225 1080 2297 tandem
1115 2224 1254 2325 capsula

301 2322 455 2422 longiore
478 2322 536 2397 vel
556 2324 592 2395 ei
614 2321 833 2423 subaequali,
856 2322 1001 2396 subinde
1018 2323 1116 2398 brevi
1134 2325 1255 2399 conica

165 2485 169 2490 .
304 2420 378 2495 fere
402 2423 500 2493 utin
525 2419 756 2491 Orthotricho.

351 2517 541 2619 Encalypta
563 2535 803 2618 streptocarpe
821 2514 954 2606 stodr.
973 2516 1099 2614 Bryol.
1111 2514 1254 2594 mediol.

305 2614 474 2688 incumbit
505 2616 656 2687 varietati
692 2613 853 2704 elatiore,
878 2616 933 2685 cui
957 2635 1037 2687 sunt
1071 2612 1148 2685 folia
1179 2613 1255 2685 laxa

192 2709 210 2746 ⁵
305 2714 533 2810 patentissima
557 2709 701 2806 oblonga
719 2710 879 2807 lingulata
894 2712 1028 2804 obtusa,
1044 2708 1255 2783 evanidiner·

304 2809 380 2901 via3
404 2806 487 2880 hinc
515 2802 727 2882 characteres
762 2834 907 2907 quorum
930 2831 996 2907 ope
1028 2806 1159 2910 Encaly
1184 2826 1258 2878 tam

306 2904 471 3002 pumilam
504 2902 661 2995 distinxi,
690 2908 817 2979 inertes
849 2927 939 2979 esse-
957 2906 1120 3003 percipio.
1155 2834 1256 2974 Bari-

305 3020 360 3072 ter
382 3001 574 3101 Enoalypta
597 3000 728 3100 pilifera
744 3004 883 3073 minime
914 2999 1152 3098 distinguenda
1181 3021 1257 3092 est,

304 3124 388 3170 nam
410 3098 507 3170 binas
530 3100 660 3170 obtinui
682 3099 864 3172 varietates
881 3098 966 3169 soliis
988 3100 1136 3196 piligeris
1184 3122 1259 3171 rae-

307 3192 419 3285 ditas,
443 3222 531 3295 quae
554 3195 648 3266 nullo
664 3197 866 3293 pactoiuter
877 3222 914 3267 se
931 3198 1151 3285 conveniunt,
1158 3124 1259 3266 liaeo

307 3291 445 3389 grandis
478 3291 639 3384 flaccida,
662 3290 768 3364 altera
792 3292 872 3365 acl.
894 3290 1109 3388 Garovaglio
1120 3289 1259 3363 detecta

307 3388 438 3490 pumila
459 3386 533 3461 fere
555 3388 662 3489 duplo
684 3392 796 3460 minor
818 3415 920 3490 quem
937 3388 1257 3490 Enoalyptavnlga·

307 3488 355 3558 ris
376 3489 413 3557 in
436 3487 578 3559 normali
600 3505 698 3558 statu
725 3486 926 3559 Generatim
948 3489 1132 3585 unicuique
1149 3488 1257 3560 varie·

310 3584 371 3653 tati
393 3585 515 3656 minori
546 3588 716 3674 muticae,
741 3583 902 3682 piligerae
914 3639 925 3676 ,
949 3584 1137 3685 apiculutae
1147 3635 1160 3674 ‚
1184 3580 1257 3653 ela-

311 3678 412 3752 tiores
433 3684 606 3779 medeae,
629 3679 815 3782 pilanae,
838 3681 1024 3784 apiculatac
1036 3678 1256 3784 respondent
