2867 4750
289 573 360 640 cuti
383 568 419 642 iu
442 566 603 642 Mentissa
626 592 823 642 muscetum
844 564 969 640 frtutra
990 585 1132 639 consuis
1147 591 1243 644 sum.

290 661 423 738 Verum
440 667 686 765 quammaxime
699 693 782 765 prae
806 663 942 738 lacuere
958 662 1244 738 Dermatodontes

287 761 473 848 Hubeneri
482 819 494 856 ,
518 749 730 864 et‘quamvjis
807 782 936 842 ameter
973 786 1079 874 quem
1115 760 1157 835 cl.
1189 764 1243 834 vir

286 856 383 944 hisce
407 860 526 934 tribuit
542 864 743 933 mancussit
756 912 768 954 ,
782 855 1121 938 tamen.mih1ideam
1137 884 1240 958 prae,-

286 954 362 1029 buit
383 960 639 1030 innovationum
661 983 746 1057 qums
773 983 854 1029 cum
875 953 945 1027 hoc
960 975 1005 1027 'et
1023 955 1115 1040 binis
1136 981 1237 1055 prae.-

289 1051 490 1126 cedentibus
514 1055 696 1152 generibus
728 1052 929 1153 experiundi
965 1055 1002 1124 in
1023 1054 1137 1126 animo
1162 1051 1238 1130 fuit·

286 1148 366 1222 Dixi
377 1150 607 1224 characterem
626 1179 646 1224 e
664 1154 859 1252 peristontio
876 1149 1137 1238 insufficientem
1149 1175 1238 1241 esse,
1326 1203 1328 1206 -

286 1272 368 1320 nam
391 1275 432 1321 eo
456 1270 556 1348 pacto
580 1255 648 1349 quo
671 1252 800 1348 positus
823 1248 888 1320 fuit
916 1247 959 1319 ab
993 1245 1143 1319 Auctore
1167 1273 1235 1318 nu·

284 1369 350 1442 per
371 1343 530 1437 laudato,
554 1346 782 1418 excluduntur
815 1341 1098 1426 Desinatodontes
1127 1342 1237 1443 pilise-
1272 1353 1276 1358 “

285 1467 365 1535 rus,
388 1442 431 1515 D.
463 1443 626 1514 bolbosus
642 1442 875 1611 (pulchellus,
899 1466 1085 1533 nervosus,
1109 1461 1145 1512 et
1166 1439 1236 1512 affi-

284 1541 338 1608 nis
347 1592 358 1632 ,
383 1542 441 1639 qui
458 1544 623 1641 posterior
642 1564 645 1570 ·
666 1561 762 1613 entes
779 1539 992 1610 brevissimos
1004 1536 1157 1636 profert,
1174 1563 1235 1609 ne·
1353 1542 1358 1550 '

310 1661 352 1707 ue
375 1636 586 1735 perforatos,
617 1664 731 1737 neque
759 1638 980 1709 conniventes
1013 1639 1052 1706 in
1085 1659 1209 1705 conum
1220 1688 1235 1727 ,

283 1660 368 1802 ium
391 1736 521 1833 priores
555 1760 668 1833 neque
701 1732 823 1808 solidos
857 1752 916 1814 aut
949 1730 1137 1829 perforatos
1169 1729 1233 1801 ha-

281 1827 391 1922 hent,
415 1829 476 1902 scd
508 1830 609 1928 longe
644 1832 760 1921 fissos,
795 1851 853 1901 aut
887 1828 1026 1901 fortuito
1060 1826 1118 1900 hic
1152 1827 1233 1898 illuc

280 1948 346 2039 per
369 1930 462 2023 paria
486 1928 708 2002 confluentes.
739 1926 847 2000 Hinc:
860 1930 888 2000 si
911 1924 1177 2021 charaotmibus}
1190 1949 1233 1998 ex

280 2026 463 2106 insertione
491 2024 701 2123 pertimui,
733 2025 907 2124 calyptrae
939 2021 1068 2113 forme,
1103 2043 1137 2096 et
1170 2043 1233 2121 pes

280 2119 420 2196 ristomii
443 2142 612 2196 structura
635 2123 702 2206 late
738 2142 980 2221 sumpta,er
1016 2119 1138 2216 adijcio
1171 2121 1232 2217 qui
1264 2169 1267 2176 .

280 2241 323 2287 cx
345 2237 514 2300 structura
537 2241 573 2292 et
603 2219 713 2292 forma
744 2218 902 2291 foliorum
936 2219 1119 2307 oriuntur,
1156 2235 1232 2288 tum

278 2337 393 2483 ἔθους
411 2319 595 2391 consistere
618 2318 859 2416 potest,-quin
882 2317 918 2391 iu
935 2333 987 2387 tot
1014 2311 1088 2387 fere
1115 2310 1230 2387 denuo

304 2411 449 2485 ividatur
472 2434 556 2514 quot
578 2436 658 2487 sum
681 2417 811 2514 specics
835 2438 989 2512 quaeest
1016 2412 1118 2483 unico
1131 2430 1230 2509 typo

278 2529 397 2587 enatae
409 2563 422 2601 ‚
445 2515 554 2583 utita
578 2512 709 2603 dicam,
734 2509 902 2585 videntur.
927 2507 1016 2593 ttihi
1038 2534 1111 2583 nou
1133 2508 1229 2598 latet,

278 2629 321 2675 ex
345 2608 591 2683 consuetudine
604 2665 624 2703 „
639 2635 728 2709 quae
750 2607 844 2707 apud
865 2608 1046 2697 Botauiqos
1070 2603 1228 2695 invaluit,

274 2698 470 2798 hujusmodi
493 2705 705 2785 characteres
722 2709 758 2779 in
777 2698 1229 2802 generibusmonscribeudis

275 2796 373 2871 nihili
395 2800 528 2895 facere,
552 2803 614 2886 seri
644 2807 909 2903 quaviscunque
934 2799 1105 2885 dutinmio
1132 2823 1228 2873 mere

274 2900 541 2981 conventionalis
563 2922 616 2975 est
626 2954 638 2992 ‚
658 2922 694 2973 et
710 2922 829 2973 natura
846 2896 1025 2985 metirodus
1043 2896 1158 2975 nullus.
1213 2932 1228 2973 τ

274 2995 388 3088 titurq
402 2997 523 3068 imosi
551 3002 638 3112 quis
664 2998 769 3072 vellet
803 2999 906 3070 series
938 3019 1021 3077 rere
1057 2922 1228 3095 uatmaffl

274 3116 472 3164 muscorum
495 3097 682 3186 instituere,
706 3093 989 3168 Desmatodontes
1006 3091 1153 3175 haberet
1162 3115 1228 3187 pru

273 3209 404 3284 genere-
412 3213 472 3271 aut
477 3190 625 3273 familiae
635 3197 801 3282 sectione,
810 3189 865 3265 vel
878 3190 996 3281 tribus,
1004 3215 1094 3289 quae
1107 3211 1227 3261 omnes

273 3284 429 3385 analogos
446 3316 580 3367 muscos
593 3290 784 3387 colligeret7
797 3312 924 3387 nempe
933 3287 1229 3388 Gymfflttomttffi

273 3383 542 3480 intermedium,
566 3387 691 3478 affine,
714 3389 874 3467 conicitur
886 3405 951 3465 etc.
963 3406 1031 3459 etc»
1049 3381 1229 3461 Phanou

271 3477 452 3580 bryoides,
476 3483 690 3584 cuspidatum
712 3505 797 3579 3th
819 3483 908 3565 hoec
924 3483 1225 3581 ueroueuiqvem

166 3624 168 3627 v
196 3624 198 3629 ·
276 3588 349 3674 pro'
365 3579 563 3659 rudimento
581 3584 754 3682 priorum„
