2867 4750
217 501 220 512 ·
372 470 442 563 ru

371 567 452 642 285.
476 567 659 640 nmmum
673 565 848 642 'Sronmrc
867 564 988 642 Hunw.
1006 607 1056 620 -
1075 564 1271 664 Garovogl.

321 663 557 861 cainpepiiiris
580 760 612 831 al
639 764 708 832 ’um
721 739 950 833 colcarearum¹
964 759 1009 833 ad
1020 761 1161 833 Larium
1175 785 1216 830 ex
1228 761 1271 831 cl.

323 857 553 956 Garovaglio.
617 858 666 932 ihi
690 856 783 932 haud
807 861 927 931 vienn.

369 1050 450 1126 286.
473 1051 657 1124 Drcnsrou
681 1073 893 1125 corcosson.
909 1050 1091 1123 Scnwnon.
1106 1091 1154 1104 -
1167 1048 1271 1120 Brid.
1351 1106 1354 1117 ,

318 1148 447 1246 Bryol.
478 1148 508 1220 1.
527 1139 567 1249 p.
592 1148 674 1240 418.
700 1147 845 1222 Hubert.
870 1149 989 1222 Meso.
1013 1172 1127 1243 germ.
1134 1172 1174 1244 p.
1188 1144 1270 1237 214.

188 1271 196 1294 ·
365 1246 465 1318 Bals.
490 1260 525 1316 et
548 1245 676 1319 DNtrs
700 1245 833 1320 Prodr.
850 1243 967 1344 bryol.
984 1243 1124 1315 mediol.
1132 1268 1176 1341 p.
1191 1242 1270 1316 136.

330 1391 335 1402 ·
366 1343 512 1416 Funclt.
538 1343 684 1416 Samml.
709 1366 745 1413 n.
770 1342 851 1416 388.

365 1439 409 1512 Iu
433 1441 534 1542 sylvis
557 1438 687 1511 collinis
710 1438 755 1510 ad
778 1439 979 1512 Verbanum
1001 1464 1034 1511 v.
1059 1463 1092 1510 v.

364 1537 654 1636 Quotiescumque
677 1538 808 1634 species
830 1534 889 1608 hic
905 1538 1096 1634 propositae
1111 1589 1121 1614 .
1139 1555 1273 1632 nempe

316 1634 360 1704 D.
396 1635 625 1724 undulntum,
658 1632 700 1704 D.
734 1632 943 1731 Bonjcanii‚
973 1632 1015 1702 D.
1052 1634 1245 1729 scoparium
1257 1685 1271 1721 ,

316 1729 457 1829 ejusque
481 1735 658 1804 varietates
682 1751 719 1801 et
741 1730 783 1802 D.
809 1750 1010 1826 congestum
1033 1728 1122 1799 inter
1140 1754 1177 1799 se
1204 1728 1271 1797 sin-

315 1827 456 1922 gillatim
480 1847 741 1927 comparantur,
764 1824 918 1927 profecto
947 1822 1114 1925 profiteri¹
1132 1844 1269 1922 oportet

313 1922 376 1998 hos
399 1950 470 2000 non
492 1950 566 1996 esse
590 1927 653 1998 nisi
676 1924 881 1998 laevissimas
902 1924 1044 2021 species.
1078 1918 1269 1992 Varietates

211 2087 216 2094 .
313 2024 525 2119 proceriores
547 2020 590 2092 D.
614 2024 758 2120 scoparii
782 2022 825 2092 ab
848 2018 1012 2094 undulata
1035 2041 1134 2183 aDoe
1153 2038 1187 2089 et
1209 2044 1271 2116 po·

313 2120 380 2188 tius
403 2144 469 2217 per
485 2117 769 2194 consuetudinem
787 2117 1049 2206 discernuntur3
1064 2142 1086 2200 ⁴a
1100 2119 1149 2186 iae
1163 2140 1268 2213 porro

313 2213 535 2290 intermediae
559 2242 625 2289 nec
649 2215 696 2286 illi
720 2239 786 2286 nec
803 2214 885 2286 huic
898 2233 970 2286 tute
982 2211 1101 2286 reduci
1113 2230 1266 2310 possunt,

312 2313 412 2385 sicuti
435 2311 479 2385 de
502 2312 652 2385 Dicrano
686 2333 803 2384 nostro
823 2310 1019 2410 Bonjcanii,
1053 2307 1145 2410 quod
1177 2306 1266 2380 forte

311 2412 422 2507 aptius
445 2436 508 2509 pro
533 2430 688 2509 tempore
712 2408 941 2483 omittendum
952 2408 1069 2481 fuisset
1082 2433 1184 2508 quam
1196 2432 1262 2480 no-

311 2508 405 2580 rnine
428 2509 568 2606 proprio
593 2532 797 2606 proponere.
1259 2512 1263 2519 ’

363 2696 443 2774 287.
470 2698 658 2775 Drcmnure
680 2698 912 2779 Scomunon.
938 2697 1051 2771 Turn.
1076 2738 1124 2751 -—
1140 2695 1261 2769 Hoolt.
1338 2736 1346 2751 ι

312 2809 347 2866 et
370 2798 473 2893 Tayl.
499 2798 617 2868 Mose.
644 2794 723 2870 brit.
773 2853 782 2869 .
811 2796 889 2870 100.
915 2794 984 2868 tob.
1013 2795 1069 2868 18.
1089 2796 1105 2892 (
1119 2792 1202 2881 enci.
1216 2792 1260 2862 D.

306 2892 353 2966 fla
376 2893 538 2967 ellare-et
561 2824 771 2990 montanos
833 2916 837 2923 '
1010 2950 1013 2957 .

309 2920 542 3161 MDicrappm
582 2993 747 3065 strictum.
790 2988 1000 3085 Schwaegr.
1038 3029 1087 3045 ·-··
1129 2986 1259 3061 DNtrs

352 3102 424 3160 ant.
499 3144 507 3165 .

353 3184 540 3256 Dicrannm
563 3206 773 3261 montanum.
787 3226 836 3238 -·
850 3182 1120 3279 Garnvaglaeat.
1128 3206 1166 3282 p.
1184 3180 1255 3272 14?

353 3281 396 3354 In
419 3281 521 3381 sylvis
545 3286 714 3354 montanis
738 3282 932 3381 provinciae
945 3279 1161 3354 Novariensis
1174 3306 1206 3350 v.
1221 3307 1253 3348 v.

351 3378 538 3450 Dicranum
562 3396 761 3451 montanum
785 3378 904 3450 saltem
939 3404 981 3451 ex
1013 3376 1255 3474 speciminibus

303 3477 341 3545 in
364 3475 491 3571 Moug.
516 3497 552 3548 et
575 3475 689 3548 Nestl.
714 3476 874 3575 stirpibus
891 3477 1007 3563 subn.
1026 3474 1099 3567 614
1110 3502 1128 3568 ,’
1142 3473 1254 3544 differt

303 3572 477 3665 insigniter
500 3573 543 3643 ab
567 3572 634 3644 hoc
657 3572 743 3642 foliis
766 3578 803 3644 in
827 3575 916 3645 sicco
952 3571 1050 3649 valde
1065 3573 1252 3668 crispatis,

303 3666 437 3762 capsula
461 3669 722 3767 ovata-oblongo
746 3695 881 3742 cernua.
970 3674 974 3677 ’
